1950 3292
175 136 193 188 8
358 128 389 186 Ρ.
408 128 550 187 avion
567 128 751 188 Nassum

174 241 245 292 Aere
255 237 432 307 legebantur:
447 250 499 289 uec
508 235 626 304 supplex
634 237 717 289 turba
725 233 863 290 timebant

174 309 401 361 ludicisora-suie
416 306 465 358 sed
475 311 556 359 erant
565 306 624 358 sine
634 306 742 376 vindice
748 308 814 358 tuti.

173 376 304 430 Nondum
314 390 396 430 caesa
405 375 665 442 suis,peregrinum
674 383 707 427 ut
715 377 819 427 viseret
829 377 935 441 orbem,

131 449 164 518 95
174 447 369 509 Montibus,in
379 444 593 514 liquidas-pinus
603 444 786 497 descenderat
795 445 898 496 undas:

173 515 311 583 Nullaque
321 515 467 576 mortales,
477 519 589 582 praeter
599 529 663 577 sua,
674 513 773 566 littora
783 520 893 565 norant.

173 582 304 637 Nondum
314 585 480 651 praecipites
492 583 640 651 cingebant
649 583 751 651 oppida
760 582 866 636 fossaes

173 653 236 704 Non
247 654 316 704 tuba
324 652 437 715 directi,
448 665 503 703 non
514 653 586 704 aeris
596 666 702 704 cornua
711 651 785 714 ilexi,

173 721 237 774 Non
247 721 358 789 galeae,
368 736 424 773 nou
436 722 521 782 ensis,
532 727 620 773 erant
640 720 705 772 Sine
714 721 810 772 militis
820 733 873 772 usu
898 777 901 783 ¹

96 801 164 848 Aoo
174 791 274 842 Mollia
284 798 400 851 securae
408 791 580 857 paragebant
589 789 647 840 otia
657 795 763 858 gentes.

172 861 235 926 Ipsa
246 854 356 927 quoque
366 860 509 919 immunis,
519 863 665 927 rastroque
675 860 795 920 intacta,
807 872 858 910 nec
868 856 934 909 ullis

132 990 137 996 ι
173 928 273 980 Saucia
281 928 451 990 vomeribus,
462 941 513 994 per
521 941 551 978 ec
562 927 646 979 dabat
656 929 749 978 omnia
759 927 856 979 tellus:

173 999 356 1064 Contentique
366 997 448 1059 cibis,
459 994 538 1047 nullo
549 1001 680 1062 cogente,
690 998 801 1059 creatis,

65 1074 79 1120 .‘
91 1070 93 1075 ’
171 1067 309 1120 Arbuteos
320 1065 425 1128 foetus,
435 1069 623 1133 montanaque
633 1062 715 1132 fraga
724 1064 865 1133 legebant,

113 1141 160 1194 105
172 1137 330 1204 Cornaque,
340 1136 408 1187 etin
420 1134 496 1185 duris
507 1132 651 1184 haerentia
662 1146 740 1185 mora
750 1134 870 1195 rubetis;

170 1206 208 1256 Et
218 1218 290 1272 quac
300 1203 462 1256 deciderant
471 1202 568 1270 patula
577 1203 649 1253 lovis
660 1203 760 1254 arbore
771 1196 901 1270 glandes.-

170 1274 229 1326 Vcr
239 1279 301 1324 erat
311 1279 469 1331 aeternum,
480 1270 636 1337 placidique
647 1273 806 1337 tepentibus
816 1272 892 1321 auris

170 1341 332 1392 Mulcebaet
341 1338 463 1405 Zephyri
474 1344 555 1390 natos
565 1340 626 1390 sine
635 1341 739 1391 semine
750 1339 843 1392 flores.

120 1460 125 1465 ,
169 1410 238 1459 Mox
249 1411 333 1460 etiarn
345 1408 440 1476 fruges
450 1407 535 1459 tellus
546 1407 656 1458 inarata
666 1407 785 1460 ferebat:

112 1497 160 1533 no
170 1477 227 1529 Nec
238 1483 387 1529 renovatus
397 1491 464 1544 agor
474 1477 596 1544 gravidis
607 1477 725 1542 canebat
735 1479 837 1529 aristis.

168 1548 298 1599 Flumina
307 1548 363 1597 iam
374 1546 467 1608 lactis,
478 1547 533 1596 iam
543 1543 659 1598 ssununa
669 1548 789 1617 nectaris
799 1546 889 1598 ibant:

168 1616 311 1683 Flavaque
321 1615 356 1667 de
365 1614 448 1665 viridi
458 1615 604 1666 stillabant
613 1615 676 1666 ilice
687 1615 780 1667 mella.

62 1706 122 1792 Ast
202 1684 363 1752 Postquam,
374 1683 497 1737 Saturno
508 1683 657 1735 tenebrosa
667 1685 696 1734 ln
707 1685 828 1736 'l'artara
838 1684 930 1745 misso,

80 1795 85 1803 .
131 1726 155 1798 s
168 1753 225 1805 Sub
236 1754 301 1805 love
311 1754 430 1804 mundus
441 1757 516 1814 erat;
531 1752 616 1803 subiit
627 1758 760 1821 argentea
770 1753 872 1820 proles,

42 1794 158 1893 assub
167 1827 242 1877 Auro
253 1822 389 1884 deterior,
401 1820 477 1872 fulvo
488 1823 638 1888 pretiosior
648 1836 720 1874 aere.

153 1891 158 1898 ''
166 1892 272 1958 iupiter
283 1892 389 1958 antiqui
400 1892 541 1943 contraxit
551 1896 680 1958 tempora
688 1891 775 1942 veris:

140 2014 142 2019 ,
167 1960 276 2027 Perque
287 1958 929 2028 lrienres,aestusque,etinaequalesautumnos,

167 2029 204 2080 Et
215 2029 298 2080 breve
308 2043 368 2091 ver,
378 2032 474 2094 spatiis
485 2032 579 2096 exegit
589 2035 710 2097 quatuor
719 2043 831 2081 annum.

167 2099 238 2147 'l'uui
250 2098 370 2162 primum
381 2099 461 2148 siccis
471 2102 519 2150 adr
530 2097 775 2150 fervoribusustus

111 2183 159 2220 120
168 2162 299 2230 Candidi:
315 2170 344 2218 st
353 2169 444 2218 ventis
454 2166 557 2234 glacies
568 2167 703 2220 adstricta
711 2166 852 2235 pependit.

167 2237 238 2287 Turn
246 2236 363 2300 primum
370 2236 481 2287 subiere
488 2236 592 2287 domos.
604 2236 924 2299 Damussntratuerunr,

167 2306 204 2354 Et
214 2303 292 2369 densi
304 2303 430 2366 frutices,
442 2311 470 2356 et
477 2307 585 2357 vinctae
596 2308 699 2359 cortice
709 2308 813 2374 virgae.

167 2371 279 2423 Semina
289 2378 348 2424 turn
358 2375 478 2440 primurn
487 2375 578 2442 longis
589 2375 717 2429 Cerealia
726 2375 811 2426 sulcis

167 2442 276 2492 Obruta
285 2447 362 2505 sunt,
373 2445 519 2512 pressique
527 2444 593 2511 iugo
603 2452 734 2513 gemuere
743 2444 859 2496 iuvenci.

42 2557 49 2576 ,-
61 2514 165 2602 ssyr
202 2511 299 2561 Tertia
310 2516 373 2577 post
382 2512 445 2563 illas
456 2515 590 2571 suecessit
601 2515 688 2565 aenea
697 2512 798 2580 proles,

42 2606 103 2691 d
154 2576 418 2649 Saevioringcniis,
430 2581 507 2636 etad
517 2582 779 2650 horridapromtior
789 2595 882 2645 armar

102 2658 116 2667 ·
137 2641 362 2708 Nee-scelerato
373 2659 483 2711 warren.
504 2653 639 2712 Deduro
648 2649 900 2709 asturiensium.
