1950 3292
111 140 114 144 ⁴
141 134 192 190 150
334 132 365 186 n.
384 131 524 187 avion
541 84 759 211 nasonia

65 301 67 305 ἲ
139 237 262 304 Aeoliam
274 235 390 289 Pitanen
401 250 418 286 a
428 234 507 286 laeva
517 239 597 301 parte
606 233 748 303 relinquit,

139 305 278 374 Factaque
288 305 322 357 de
332 319 399 355 saxo
409 303 485 371 longi
496 303 642 356 simulacra
652 304 794 355 draconis:
873 352 876 357 ⁴

89 426 92 431 ,
138 374 305 442 Idaeumque
315 384 424 426 nemus:
440 376 507 439 qum
518 371 830 436 nati-furta,iuveucom

13 451 20 458 ‘
78 438 129 494 ooo
140 443 267 494 Occnluit
276 442 360 493 Liber
371 440 434 492 falsi
444 441 495 491 sub
505 441 624 507 imagine
635 442 719 492 cerri:
859 442 863 448 '

140 511 255 578 Quaque
264 516 344 575 pater
353 507 472 575 Corythi
482 523 567 575 parva
577 508 732 559 tumulatus
742 523 840 561 arena:

139 580 175 629 Et
186 593 254 646 quos
264 578 360 629 Maera
370 591 440 629 nono
452 577 556 628 latratu
565 578 668 628 terruit
677 591 768 643 egros.

41 684 47 693 .
138 645 331 713 Eurypylique
341 646 451 707 urbem,
461 660 517 711 qua
527 645 600 696 Coae
611 658 715 694 cornua
725 650 828 696 matres

139 714 303 776 Gestarum,
314 719 446 765 tumeam
456 713 609 764 discederet
617 712 748 763 Herculis
759 722 868 780 agmen:

77 781 127 837 565
139 781 350 850 Phoebeamque
360 781 491 843 Rhodon,
502 787 530 834 et
539 781 657 847 lilysios
666 780 825 844 Telchinas,

139 850 264 913 Quorum
275 851 369 903 oculos
377 853 439 918 ipso
450 853 578 901 vitiantes
589 851 681 900 omnia
690 847 750 898 visu

84 979 87 991 Ι
128 919 244 986 'iupiter
254 934 367 982 exesus,
378 918 508 970 fraternis
518 918 641 969 subdidit
650 918 740 969 undis.

138 990 253 1039 Transit
262 993 291 1040 et
300 990 430 1055 antiquae
438 985 570 1038 Cartheia
579 987 688 1037 moenia
699 986 780 1049 Ceae,

63 1067 67 1076 ’
138 1057 202 1119 Qua
211 1062 290 1122 pater
299 1057 455 1109 Alcidamas
465 1055 603 1122 placidam
612 1055 646 1106 de
658 1052 866 1121 eorpore'naeae

79 1123 130 1190 370
140 1126 295 1177 Miraturus
302 1131 366 1178 erat
375 1127 451 1176 nasci
462 1126 583 1191 potuisse
594 1122 759 1175 columbam.

138 1193 206 1245 lndc
216 1193 294 1246 lacus
304 1195 408 1260 Hyries
419 1194 507 1255 videt,
518 1197 547 1244 et
557 1193 679 1259 Cycneia
687 1192 801 1257 Tempe,

137 1263 218 1324 Quae
228 1263 336 1314 subitus
343 1263 495 1313 celebravit
504 1260 573 1311 olor.
594 1260 664 1310 Nam
676 1259 802 1326 Phyllius
812 1258 871 1312 illie

139 1330 260 1394 imperio
270 1331 347 1396 pueri
357 1329 537 1392 volucre-sque
549 1327 693 1394 ferumque
704 1328 814 1380 leonem

139 1397 307 1449 Tradiderat
316 1395 876 1463 domitos:taurumquoquevincereiussu

7 1484 10 1488 ’
79 1465 128 1532 575
140 1465 266 1527 Vicerat3
282 1468 322 1526 ct,
332 1468 426 1529 spreto
435 1465 520 1515 toties
531 1465 620 1515 iratus
631 1479 735 1528 amore,

139 1531 266 1584 Praemia
275 1535 399 1599 poscenti
407 1538 520 1582 taurum
530 1546 660 1599 suprema
669 1539 794 1602 negarat.

139 1600 190 1652 llle
199 1601 371 1668 indignatus,
383 1602 481 1666 cupies
491 1601 572 1663 dare,
582 1601 664 1652 dixit:
681 1610 710 1653 et
720 1603 778 1655 alto

138 1669 261 1720 Desiluit
270 1684 346 1720 saxo.
369 1670 465 1720 Cuncti
477 1670 608 1720 cecidisse
618 1672 766 1735 putabant:

139 1737 241 1789 Factus
253 1737 315 1787 olor
326 1738 411 1787 niveis
421 1737 560 1803 pendebat
569 1739 598 1787 in
609 1741 675 1789 aira
686 1741 791 1805 pennis.

33 1816 39 1821 ·
79 1805 130 1857 580
140 1809 175 1856 At
184 1806 311 1871 genetrix
320 1806 423 1872 Hyrie,
433 1807 534 1857 seruati
545 1808 650 1870 nescia,
661 1806 753 1860 llendo

139 1875 275 1926 ilelicuit:
290 1879 474 1942 stagnumque
484 1889 535 1925 suo
546 1874 581 1926 de
591 1878 703 1927 nomine
714 1875 788 1929 iecit.

138 1942 255 1995 Adiacet
264 1941 307 1993 his
317 1943 450 2009 Pleuron:
465 1945 495 1993 in
506 1946 560 2011 qua
569 1944 772 2010 trepidantibus
782 1944 836 1998 alis

140 2008 244 2075 Ophias
255 2009 354 2076 elingit
361 2015 490 2060 natorum
501 2011 617 2061 vnlnere
627 2013 737 2064 Combe.

140 2077 207 2129 inde
218 2076 370 2128 Calaureae
380 2077 514 2127 Letoidos
525 2078 643 2145 adspicit
653 2094 728 2143 arva,

82 2144 172 2203 385111
182 2141 323 2196 volucrem
335 2146 406 2196 versi
416 2160 478 2195 eum
488 2149 604 2215 coniuge
614 2150 723 2199 conscia
733 2151 817 2216 regis.

141 2213 266 2265 Dextera
272 2212 387 2279 Cyllene
397 2219 451 2264 est:
462 2215 490 2264 iu
500 2229 555 2282 qua
565 2231 627 2267 cum
633 2216 876 2287 matreMenephro

41 2279 46 2288 '
143 2281 345 2333 Concubiturus
356 2286 429 2344 erat,
439 2297 582 2335 saevarum
593 2299 670 2337 more
679 2284 813 2340 ferarum.
867 2310 870 2316 ·

142 2348 277 2417 Cephison
288 2351 385 2416 procul
395 2349 458 2402 hinc
467 2350 615 2404 deflentem
626 2354 685 2404 iata
695 2357 804 2421 nepotis

140 2420 264 2485 Respicit
272 2420 302 2469 in
312 2420 445 2471 tuniidam
456 2418 566 2472 Phoceu
576 2423 610 2474 ab
619 2421 745 2488 Apolline
755 2425 843 2477 versia

84 2490 132 2558 390
142 2487 304 2555 Eumelique
315 2488 426 2539 domum
435 2487 558 2555 lugentis
565 2492 596 2541 in
606 2493 671 2541 a'e're
681 2496 785 2547 natam.

141 2556 265 2607 Tandem
275 2557 394 2622 vipereis
404 2555 535 2624 Ephyren
545 2558 675 2609 Pirenida
685 2562 782 2623 pennis

132 2625 270 2693 Contigit.
288 2626 346 2679 llic
356 2641 428 2680 aeuo
438 2625 791 2690 ueterecmortainapn'nmn
