1950 3292
168 128 221 181 244
349 118 382 177 a.
402 80 541 181 ovim}
558 121 740 189 alsonis

136 233 139 244 '
168 226 859 294 Quirocatlluroram,coeloquenovissimosexit.
951 223 965 274 l

169 300 252 351 Culta
262 296 327 348 mihi
338 312 392 364 pax
401 303 455 360 est;
470 297 546 364 pacis
557 295 622 347 mihi
633 312 701 348 cura
711 298 842 360 tuendae,
952 293 965 342 l

170 368 349 435 Coniugiique
360 365 424 417 fuit:
440 364 521 432 fratri
531 365 592 421 fera
601 365 676 417 bella
685 366 842 432 placebant.
956 363 965 411 it

168 436 742 503 liliusvirtusreges,gentesquesubegit=
958 430 965 477 l

105 507 159 559 300
169 508 246 569 Quae
257 517 329 555 nune
338 502 489 555 Thisbaeas
500 504 588 570 agitat
598 508 705 554 mutata
715 503 869 556 columbas,
961 499 965 541 l

169 575 243 628 Nata
254 577 313 624 erat
324 570 387 622 huie
399 571 514 624 Chione:
531 587 601 639 quae
612 571 787 627 dotatissima
797 572 886 625 forma
958 590 964 633 '.

169 641 249 694 Mille
260 641 350 706 procis
360 640 477 708 placuit,
489 641 530 691 bis
540 645 646 705 septem
655 640 759 694 nubilis
768 643 858 693 annis.
882 660 886 667 ·
960 640 965 715 1

126 750 129 762 ,
160 713 253 773 porte
264 714 436 770 revertentes
447 708 727 775 Phoebus,Maiaque
737 715 858 773 creatus,
926 760 929 768 ,
963 736 965 753 ι

115 836 119 841 .
167 780 286 830 lilesuis
296 776 480 844 Delphis,hic
491 780 592 828 vertice
604 777 746 843 Cylleneo,
927 770 965 835 'r'

108 843 158 901 305
169 848 273 901 Videre
284 845 354 900 hanc
364 848 481 913 pariter,
491 847 595 912 pariter
605 852 716 898 traxere
726 847 859 900 calorem.
928 862 932 871 ·

168 916 251 984 Spem
262 916 379 968 Veneris
390 914 482 969 differt
491 917 518 965 in
530 921 654 981 tempora
663 916 751 968 noctis
760 917 870 984 Apollo.
933 910 938 921 '

168 987 229 1038 Non
240 985 304 1036 tulit
314 985 362 1037 ille
373 999 475 1038 moras:
492 985 623 1050 virgaque
634 989 762 1036 movente
772 999 900 1050 soporem

167 1055 289 1122 Virginis
301 1069 331 1104 os
342 1054 440 1121 tangit.
459 1055 548 1104 'l'actu
559 1052 691 1105 iaceta'lia
701 1055 819 1120 potenti,

167 1124 286 1190 Vimque
296 1122 349 1174 Dei
360 1124 471 1190 patitur.
486 1119 547 1173 Nox
558 1121 665 1173 coelum
676 1126 819 1188 sparserat
828 1122 926 1182 ustris3

106 1190 924 1261 510Phoebusanumsinrulat3praeceptaquegaudiasumit·

167 1263 207 1314 Vt
217 1276 268 1310 sua
278 1266 403 1314 maturus
414 1259 560 1324 complevit
571 1264 697 1325 tempera
708 1264 820 1323 ventem

166 1330 288 1393 Alipedls
299 1328 333 1377 de
342 1329 428 1392 stirpe
439 1327 504 1387 Dei,
516 1329 627 1378 versuta
638 1341 770 1395 propago,

76 1446 84 1459 ,
165 1394 907 1462 Nascitnrrlutolycus,furtumingeniosussdomnez

166 1465 220 1526 Qui
231 1463 322 1514 facere
333 1468 470 1525 assuerat,
481 1465 588 1528 patriae
598 1479 653 1515 non
665 1465 874 1533 degenerantis,

105 1533 155 1590 315
168 1532 290 1597 Candida
300 1532 335 1583 de
346 1533 448 1599 nigris,
457 1538 488 1584 et
497 1532 531 1587 de
542 1533 725 1586 carrdeutibus
733 1541 803 1585 atra.

166 1602 298 1658 Nascitur
309 1618 324 1653 e
334 1600 458 1663 Phoebo,
469 1617 587 1669 namque
597 1607 639 1654 est
649 1603 730 1654 enixa
740 1602 886 1670 gemellas,

70 1722 73 1727 ⁴
146 1662 151 1683 ¹
168 1671 391 1726 Carnrinevocali
402 1670 504 1732 clarus,
516 1670 676 1739 citharaque
687 1671 872 1724 Philammon.

166 1739 240 1803 Quid
251 1740 390 1807 peperisse
400 1738 482 1800 duos,
493 1745 522 1790 et
531 1738 582 1790 Dis
593 1740 729 1805 placuisse
739 1740 863 1804 duonum
938 1740 944 1745 '

166 1810 205 1864 Et
214 1807 281 1859 forti
291 1809 430 1876 genitore,
443 1814 471 1858 et
481 1810 658 1874 progenitore
668 1809 790 1859 Tonanti

107 1881 158 1932 320
167 1878 237 1930 Esse
248 1875 470 1944 satamprodesti
479 1874 929 1946 anobestquoqoegloriamnltisi

168 1945 266 1998 Obicit
275 1946 340 1996 huie
351 1951 432 1997 certe.
453 1946 531 2006 Quae
542 1961 572 1997 se
582 1945 724 2013 praeferre
734 1947 846 1998 Dianae

167 2013 319 2072 Sustinuit,
330 2013 483 2078 faciemque
493 2014 571 2065 Deae
582 2015 709 2082 culpavit.
729 2016 766 2066 lit
774 2014 817 2067 illi

166 2081 214 2133 Ira
223 2078 302 2131 ferox
313 2084 389 2130 mota
399 2085 452 2130 est:
468 2080 615 2148 Factisque
626 2083 810 2150 placebimus,
819 2081 920 2151 inquii·

155 2149 228 2201 ‘Nee
238 2164 328 2211 asora,
343 2150 466 2200 curvavit
476 2164 575 2214 cornu,
587 2167 725 2220 nervoque
734 2153 869 2219 sagittam

106 2220 157 2277 525
167 2218 293 2285 Impulit,
304 2224 334 2270 et
342 2219 469 2269 meritam
479 2221 591 2272 traiecit
601 2221 735 2274 arundine
746 2220 880 2288 linguam.

167 2288 277 2356 lingua
287 2292 369 2349 tacet,
379 2303 430 2339 nee
439 2301 500 2350 vox,
506 2294 668 2358 tentataque
673 2289 931 2356 verbesequuntur:

168 2358 374 2424 Conantemque
386 2356 462 2426 loqui
472 2373 534 2409 com
544 2360 677 2425 sanguine
686 2360 743 2409 vita
753 2358 880 2425 reliqust.

168 2427 266 2488 Quenr,
277 2426 505 2492 miseraopietas!
518 2441 569 2492 ego
575 2432 632 2476 tum
640 2432 795 2494 patruoque
802 2425 928 2478 dolorem

169 2494 259 2545 Corde
269 2495 334 2555 tuli,
345 2493 478 2561 fratrique
488 2495 533 2560 pio
543 2496 645 2546 solatia
654 2496 719 2547 dixi.

109 2565 157 2618 330
168 2564 244 2625 Quae
251 2568 329 2628 pater
336 2560 408 2613 haud
415 2563 586 2630 aliter,quam
593 2562 929 2630 cautesmurmuraponti,

169 2633 287 2698 Accipit:
305 2637 334 2683 et
344 2636 437 2683 natam
447 2631 652 2685 delamentatur
661 2633 808 2685 ademtam.
872 2682 876 2689 ,
