<?xml version="1.0" encoding="UTF-8"?>
<!DOCTYPE html PUBLIC "-//W3C//DTD XHTML 1.0 Transitional//EN"
    "http://www.w3.org/TR/xhtml1/DTD/xhtml1-transitional.dtd">
<html xmlns="http://www.w3.org/1999/xhtml" xml:lang="en" lang="en">
 <head>
  <title>
</title>
<meta http-equiv="Content-Type" content="text/html;charset=utf-8" />
  <meta name='ocr-system' content='tesseract 3.04.00' />
  <meta name='ocr-capabilities' content='ocr_page ocr_carea ocr_par ocr_line ocrx_word'/>
</head>
<body>
  <div class='ocr_page' id='page_1' title='image "./povidiinasonisq02ovidgoog_0057.png"; bbox 0 0 1950 3292; ppageno 0'>
   <div class='ocr_carea' id='block_1_1' title="bbox 133 92 714 202">
    <p class='ocr_par' dir='ltr' id='par_1_1' title="bbox 133 92 714 202">
     <span class='ocr_line' id='line_1_1' title="bbox 133 92 714 202; baseline -0.012 -25"><span class='ocrx_word' id='word_1_1' title='bbox 133 120 170 177; x_wconf 79' lang='lat' dir='ltr'><strong>sa</strong></span> <span class='ocrx_word' id='word_1_2' title='bbox 318 115 349 171; x_wconf 87' lang='lat' dir='ltr'><strong>r.</strong></span> <span class='ocrx_word' id='word_1_3' title='bbox 368 115 511 202; x_wconf 79' lang='lat' dir='ltr'><strong>cvrum</strong></span> <span class='ocrx_word' id='word_1_4' title='bbox 533 92 714 171; x_wconf 76' lang='lat' dir='ltr'><strong>ursonis</strong></span> 
     </span>
    </p>
   </div>
   <div class='ocr_carea' id='block_1_2' title="bbox 28 220 864 2356">
    <p class='ocr_par' dir='ltr' id='par_1_2' title="bbox 135 220 864 360">
     <span class='ocr_line' id='line_1_2' title="bbox 135 220 776 290; baseline -0.012 -13"><span class='ocrx_word' id='word_1_5' title='bbox 135 221 255 277; x_wconf 82' lang='lat' dir='ltr'><strong>Brachia</strong></span> <span class='ocrx_word' id='word_1_6' title='bbox 264 225 414 290; x_wconf 85' lang='lat' dir='ltr'><strong>coeperunt</strong></span> <span class='ocrx_word' id='word_1_7' title='bbox 423 222 510 289; x_wconf 82' lang='lat' dir='ltr'><strong>nigris</strong></span> <span class='ocrx_word' id='word_1_8' title='bbox 519 221 684 279; x_wconf 83' lang='lat' dir='ltr'><strong>horrescere</strong></span> <span class='ocrx_word' id='word_1_9' title='bbox 693 220 776 284; x_wconf 78' lang='lat' dir='ltr'><strong>villis,</strong></span> 
     </span>
     <span class='ocr_line' id='line_1_3' title="bbox 137 292 864 360; baseline -0.007 -15"><span class='ocrx_word' id='word_1_10' title='bbox 137 295 307 360; x_wconf 82' lang='lat' dir='ltr'><strong>Curvorique</strong></span> <span class='ocrx_word' id='word_1_11' title='bbox 317 307 426 354; x_wconf 84' lang='lat' dir='ltr'><strong>manus,</strong></span> <span class='ocrx_word' id='word_1_12' title='bbox 438 297 466 343; x_wconf 88' lang='lat' dir='ltr'><strong>et</strong></span> <span class='ocrx_word' id='word_1_13' title='bbox 476 292 597 342; x_wconf 85' lang='lat' dir='ltr'><strong>aduncos</strong></span> <span class='ocrx_word' id='word_1_14' title='bbox 608 305 731 342; x_wconf 86' lang='lat' dir='ltr'><strong>crescere</strong></span> <span class='ocrx_word' id='word_1_15' title='bbox 741 293 770 340; x_wconf 93' lang='lat' dir='ltr'><strong>in</strong></span> <span class='ocrx_word' id='word_1_16' title='bbox 780 304 864 358; x_wconf 72' lang='lat' dir='ltr'><strong>ungat</strong></span> 
     </span>
    </p>

    <p class='ocr_par' dir='ltr' id='par_1_3' title="bbox 76 359 840 492">
     <span class='ocr_line' id='line_1_4' title="bbox 76 359 840 434; baseline -0.004 -20"><span class='ocrx_word' id='word_1_17' title='bbox 76 377 128 434; x_wconf 73' lang='lat'><strong>430</strong></span> <span class='ocrx_word' id='word_1_18' title='bbox 137 363 290 429; x_wconf 85' lang='lat' dir='ltr'><strong>Officioque</strong></span> <span class='ocrx_word' id='word_1_19' title='bbox 301 361 403 428; x_wconf 88' lang='lat' dir='ltr'><strong>pedum</strong></span> <span class='ocrx_word' id='word_1_20' title='bbox 413 360 504 428; x_wconf 78' lang='lat' dir='ltr'><strong>fungi:</strong></span> <span class='ocrx_word' id='word_1_21' title='bbox 520 360 688 428; x_wconf 86' lang='lat' dir='ltr'><strong>laudataque</strong></span> <span class='ocrx_word' id='word_1_22' title='bbox 699 359 840 428; x_wconf 86' lang='lat' dir='ltr'><strong>quondam</strong></span> 
     </span>
     <span class='ocr_line' id='line_1_5' title="bbox 137 429 714 492; baseline -0.012 -8"><span class='ocrx_word' id='word_1_23' title='bbox 137 434 197 484; x_wconf 86' lang='lat' dir='ltr'><strong>Ora</strong></span> <span class='ocrx_word' id='word_1_24' title='bbox 206 432 278 492; x_wconf 85' lang='lat' dir='ltr'><strong>lovi,</strong></span> <span class='ocrx_word' id='word_1_25' title='bbox 289 429 347 481; x_wconf 87' lang='lat' dir='ltr'><strong>lato</strong></span> <span class='ocrx_word' id='word_1_26' title='bbox 358 431 419 481; x_wconf 85' lang='lat' dir='ltr'><strong>iieri</strong></span> <span class='ocrx_word' id='word_1_27' title='bbox 430 429 566 480; x_wconf 76' lang='lat' dir='ltr'><strong>deformia</strong></span> <span class='ocrx_word' id='word_1_28' title='bbox 576 431 657 480; x_wconf 87' lang='lat' dir='ltr'><strong>rictu.</strong></span> <span class='ocrx_word' id='word_1_29' title='bbox 711 456 714 461; x_wconf 90' lang='lat'>-</span> 
     </span>
    </p>

    <p class='ocr_par' dir='ltr' id='par_1_4' title="bbox 28 497 855 704">
     <span class='ocr_line' id='line_1_6' title="bbox 28 497 855 566; baseline -0.007 -11"><span class='ocrx_word' id='word_1_30' title='bbox 28 546 36 555; x_wconf 73' lang='grc'>,</span> <span class='ocrx_word' id='word_1_31' title='bbox 136 500 213 552; x_wconf 81' lang='lat' dir='ltr'><strong>Neve</strong></span> <span class='ocrx_word' id='word_1_32' title='bbox 224 514 320 566; x_wconf 79' lang='lat' dir='ltr'><strong>preces</strong></span> <span class='ocrx_word' id='word_1_33' title='bbox 333 500 453 560; x_wconf 89' lang='lat' dir='ltr'><strong>animos,</strong></span> <span class='ocrx_word' id='word_1_34' title='bbox 465 504 494 549; x_wconf 88' lang='lat' dir='ltr'><strong>et</strong></span> <span class='ocrx_word' id='word_1_35' title='bbox 504 499 587 549; x_wconf 87' lang='lat' dir='ltr'><strong>verba</strong></span> <span class='ocrx_word' id='word_1_36' title='bbox 597 501 723 564; x_wconf 87' lang='lat' dir='ltr'><strong>potentia</strong></span> <span class='ocrx_word' id='word_1_37' title='bbox 732 497 855 561; x_wconf 73' lang='lat' dir='ltr'><strong>flectant,</strong></span> 
     </span>
     <span class='ocr_line' id='line_1_7' title="bbox 137 566 855 635; baseline -0.004 -14"><span class='ocrx_word' id='word_1_38' title='bbox 137 569 223 621; x_wconf 85' lang='lat' dir='ltr'><strong>Posse</strong></span> <span class='ocrx_word' id='word_1_39' title='bbox 233 569 311 634; x_wconf 91' lang='lat' dir='ltr'><strong>loqui</strong></span> <span class='ocrx_word' id='word_1_40' title='bbox 322 568 446 633; x_wconf 83' lang='lat' dir='ltr'><strong>eripitur.</strong></span> <span class='ocrx_word' id='word_1_41' title='bbox 468 566 686 629; x_wconf 81' lang='lat' dir='ltr'><strong>Voxdracunda,</strong></span> <span class='ocrx_word' id='word_1_42' title='bbox 698 570 855 635; x_wconf 79' lang='lat' dir='ltr'><strong>minaxque,</strong></span> 
     </span>
     <span class='ocr_line' id='line_1_8' title="bbox 137 636 781 704; baseline -0.003 -16"><span class='ocrx_word' id='word_1_43' title='bbox 137 637 278 704; x_wconf 85' lang='lat' dir='ltr'><strong>Plenaque</strong></span> <span class='ocrx_word' id='word_1_44' title='bbox 289 637 406 688; x_wconf 87' lang='lat' dir='ltr'><strong>terroris</strong></span> <span class='ocrx_word' id='word_1_45' title='bbox 416 650 502 687; x_wconf 89' lang='lat' dir='ltr'><strong>rauco</strong></span> <span class='ocrx_word' id='word_1_46' title='bbox 513 636 547 687; x_wconf 89' lang='lat' dir='ltr'><strong>de</strong></span> <span class='ocrx_word' id='word_1_47' title='bbox 558 641 672 702; x_wconf 80' lang='lat' dir='ltr'><strong>gutture</strong></span> <span class='ocrx_word' id='word_1_48' title='bbox 683 636 781 688; x_wconf 80' lang='lat' dir='ltr'><strong>fertur.</strong></span> 
     </span>
    </p>

    <p class='ocr_par' dir='ltr' id='par_1_5' title="bbox 79 705 864 772">
     <span class='ocr_line' id='line_1_9' title="bbox 79 705 864 772; baseline -0.013 -6"><span class='ocrx_word' id='word_1_49' title='bbox 79 711 129 766; x_wconf 81' lang='lat'><strong>485</strong></span> <span class='ocrx_word' id='word_1_50' title='bbox 139 706 220 758; x_wconf 85' lang='lat' dir='ltr'><strong>Mens</strong></span> <span class='ocrx_word' id='word_1_51' title='bbox 236 706 350 772; x_wconf 87' lang='lat' dir='ltr'><strong>antiqua</strong></span> <span class='ocrx_word' id='word_1_52' title='bbox 360 712 453 756; x_wconf 86' lang='lat' dir='ltr'><strong>tamen</strong></span> <span class='ocrx_word' id='word_1_53' title='bbox 465 705 541 757; x_wconf 79' lang='lat' dir='ltr'><strong>facta</strong></span> <span class='ocrx_word' id='word_1_54' title='bbox 549 720 660 772; x_wconf 90' lang='lat' dir='ltr'><strong>quoqne</strong></span> <span class='ocrx_word' id='word_1_55' title='bbox 671 707 774 757; x_wconf 88' lang='lat' dir='ltr'><strong>mansit</strong></span> <span class='ocrx_word' id='word_1_56' title='bbox 782 707 812 758; x_wconf 90' lang='lat' dir='ltr'><strong>in</strong></span> <span class='ocrx_word' id='word_1_57' title='bbox 822 720 864 756; x_wconf 84' lang='lat' dir='ltr'><strong>urs</strong></span> 
     </span>
    </p>

    <p class='ocr_par' dir='ltr' id='par_1_6' title="bbox 58 774 864 913">
     <span class='ocr_line' id='line_1_10' title="bbox 58 774 749 842; baseline -0.004 -12"><span class='ocrx_word' id='word_1_58' title='bbox 58 786 62 791; x_wconf 84' lang='lat'>&#39;</span> <span class='ocrx_word' id='word_1_59' title='bbox 137 776 312 842; x_wconf 80' lang='lat' dir='ltr'><strong>Assiduoque</strong></span> <span class='ocrx_word' id='word_1_60' title='bbox 323 790 388 826; x_wconf 85' lang='lat' dir='ltr'><strong>suos</strong></span> <span class='ocrx_word' id='word_1_61' title='bbox 399 776 504 842; x_wconf 85' lang='lat' dir='ltr'><strong>gemitu</strong></span> <span class='ocrx_word' id='word_1_62' title='bbox 513 779 617 826; x_wconf 86' lang='lat' dir='ltr'><strong>testata</strong></span> <span class='ocrx_word' id='word_1_63' title='bbox 628 774 749 837; x_wconf 89' lang='lat' dir='ltr'><strong>dolores,</strong></span> 
     </span>
     <span class='ocr_line' id='line_1_11' title="bbox 140 844 864 913; baseline -0.001 -19"><span class='ocrx_word' id='word_1_64' title='bbox 140 844 353 912; x_wconf 63' lang='lat' dir='ltr'><strong>qualescunque</strong></span> <span class='ocrx_word' id='word_1_65' title='bbox 363 860 460 894; x_wconf 88' lang='lat' dir='ltr'><strong>manus</strong></span> <span class='ocrx_word' id='word_1_66' title='bbox 471 845 506 895; x_wconf 86' lang='lat' dir='ltr'><strong>ad</strong></span> <span class='ocrx_word' id='word_1_67' title='bbox 518 844 627 895; x_wconf 93' lang='lat' dir='ltr'><strong>coelum</strong></span> <span class='ocrx_word' id='word_1_68' title='bbox 638 848 667 894; x_wconf 82' lang='lat' dir='ltr'><strong>et</strong></span> <span class='ocrx_word' id='word_1_69' title='bbox 676 845 769 895; x_wconf 84' lang='lat' dir='ltr'><strong>sidera</strong></span> <span class='ocrx_word' id='word_1_70' title='bbox 779 845 864 913; x_wconf 72' lang='lat' dir='ltr'><strong>tollit3</strong></span> 
     </span>
    </p>

    <p class='ocr_par' dir='ltr' id='par_1_7' title="bbox 122 884 864 1049">
     <span class='ocr_line' id='line_1_12' title="bbox 122 884 864 981; baseline -0.005 -14"><span class='ocrx_word' id='word_1_71' title='bbox 122 884 135 957; x_wconf 67' lang='lat' dir='ltr'>s</span> <span class='ocrx_word' id='word_1_72' title='bbox 139 915 338 981; x_wconf 78' lang='lat' dir='ltr'><strong>ingratumque</strong></span> <span class='ocrx_word' id='word_1_73' title='bbox 348 915 454 975; x_wconf 88' lang='lat' dir='ltr'><strong>lovem,</strong></span> <span class='ocrx_word' id='word_1_74' title='bbox 465 919 585 980; x_wconf 83' lang='lat' dir='ltr'><strong>nequeat</strong></span> <span class='ocrx_word' id='word_1_75' title='bbox 594 928 657 963; x_wconf 84' lang='lat' dir='ltr'><strong>cum</strong></span> <span class='ocrx_word' id='word_1_76' title='bbox 668 914 772 977; x_wconf 83' lang='lat' dir='ltr'><strong>dicere,</strong></span> <span class='ocrx_word' id='word_1_77' title='bbox 782 915 864 965; x_wconf 84' lang='lat' dir='ltr'><strong>sentit</strong></span> 
     </span>
     <span class='ocr_line' id='line_1_13' title="bbox 124 966 792 1049; baseline -0.004 -15"><span class='ocrx_word' id='word_1_78' title='bbox 124 966 194 1034; x_wconf 50' lang='lat' dir='ltr'><strong>⁸th</strong></span> <span class='ocrx_word' id='word_1_79' title='bbox 211 984 333 1049; x_wconf 81' lang='lat' dir='ltr'><strong>quoties,</strong></span> <span class='ocrx_word' id='word_1_80' title='bbox 343 983 404 1034; x_wconf 88' lang='lat' dir='ltr'><strong>sola</strong></span> <span class='ocrx_word' id='word_1_81' title='bbox 414 997 470 1032; x_wconf 93' lang='lat' dir='ltr'><strong>non</strong></span> <span class='ocrx_word' id='word_1_82' title='bbox 484 997 552 1032; x_wconf 86' lang='lat' dir='ltr'><strong>ausa</strong></span> <span class='ocrx_word' id='word_1_83' title='bbox 562 983 703 1049; x_wconf 80' lang='lat' dir='ltr'><strong>quiescere</strong></span> <span class='ocrx_word' id='word_1_84' title='bbox 714 982 792 1045; x_wconf 69' lang='lat' dir='ltr'><strong>silva,</strong></span> 
     </span>
    </p>

    <p class='ocr_par' dir='ltr' id='par_1_8' title="bbox 63 1051 863 1324">
     <span class='ocr_line' id='line_1_14' title="bbox 79 1051 858 1125; baseline 0 -23"><span class='ocrx_word' id='word_1_85' title='bbox 79 1056 131 1125; x_wconf 74' lang='lat'><strong>490</strong></span> <span class='ocrx_word' id='word_1_86' title='bbox 141 1053 212 1103; x_wconf 86' lang='lat' dir='ltr'><strong>Ante</strong></span> <span class='ocrx_word' id='word_1_87' title='bbox 223 1051 349 1116; x_wconf 82' lang='lat' dir='ltr'><strong>domum,</strong></span> <span class='ocrx_word' id='word_1_88' title='bbox 360 1052 552 1118; x_wconf 91' lang='lat' dir='ltr'><strong>quondamque</strong></span> <span class='ocrx_word' id='word_1_89' title='bbox 563 1053 619 1102; x_wconf 86' lang='lat' dir='ltr'><strong>suis</strong></span> <span class='ocrx_word' id='word_1_90' title='bbox 631 1054 734 1103; x_wconf 87' lang='lat' dir='ltr'><strong>erravit</strong></span> <span class='ocrx_word' id='word_1_91' title='bbox 744 1053 773 1101; x_wconf 93' lang='lat' dir='ltr'><strong>iu</strong></span> <span class='ocrx_word' id='word_1_92' title='bbox 784 1052 858 1119; x_wconf 85' lang='lat' dir='ltr'><strong>agris</strong></span> 
     </span>
     <span class='ocr_line' id='line_1_15' title="bbox 63 1119 863 1188; baseline -0.006 -13"><span class='ocrx_word' id='word_1_93' title='bbox 63 1156 70 1163; x_wconf 91' lang='lat'><em>-</em></span> <span class='ocrx_word' id='word_1_94' title='bbox 141 1119 196 1175; x_wconf 78' lang='lat' dir='ltr'><strong>Ah!</strong></span> <span class='ocrx_word' id='word_1_95' title='bbox 212 1123 322 1188; x_wconf 82' lang='lat' dir='ltr'><strong>quoties</strong></span> <span class='ocrx_word' id='word_1_96' title='bbox 330 1135 380 1187; x_wconf 87' lang='lat' dir='ltr'><strong>per</strong></span> <span class='ocrx_word' id='word_1_97' title='bbox 390 1136 457 1172; x_wconf 85' lang='lat' dir='ltr'><strong>saxa</strong></span> <span class='ocrx_word' id='word_1_98' title='bbox 467 1135 566 1171; x_wconf 87' lang='lat' dir='ltr'><strong>canum</strong></span> <span class='ocrx_word' id='word_1_99' title='bbox 577 1120 725 1172; x_wconf 82' lang='lat' dir='ltr'><strong>latratibus</strong></span> <span class='ocrx_word' id='word_1_100' title='bbox 736 1126 799 1172; x_wconf 84' lang='lat' dir='ltr'><strong>aeta</strong></span> <span class='ocrx_word' id='word_1_101' title='bbox 809 1119 863 1173; x_wconf 76' lang='lat' dir='ltr'><strong>est!</strong></span> 
     </span>
     <span class='ocr_line' id='line_1_16' title="bbox 140 1189 782 1257; baseline -0.002 -16"><span class='ocrx_word' id='word_1_102' title='bbox 140 1189 330 1257; x_wconf 83' lang='lat' dir='ltr'><strong>Venatrixque</strong></span> <span class='ocrx_word' id='word_1_103' title='bbox 341 1195 417 1242; x_wconf 88' lang='lat' dir='ltr'><strong>metu</strong></span> <span class='ocrx_word' id='word_1_104' title='bbox 427 1197 577 1242; x_wconf 70' lang='lat' dir='ltr'><strong>venantum</strong></span> <span class='ocrx_word' id='word_1_105' title='bbox 587 1194 688 1241; x_wconf 86' lang='lat' dir='ltr'><strong>territa</strong></span> <span class='ocrx_word' id='word_1_106' title='bbox 700 1189 782 1257; x_wconf 82' lang='lat' dir='ltr'><strong>fugit!</strong></span> 
     </span>
     <span class='ocr_line' id='line_1_17' title="bbox 142 1257 763 1324; baseline -0.003 -14"><span class='ocrx_word' id='word_1_107' title='bbox 142 1257 233 1324; x_wconf 80' lang='lat' dir='ltr'><strong>Saepe</strong></span> <span class='ocrx_word' id='word_1_108' title='bbox 244 1257 311 1310; x_wconf 81' lang='lat' dir='ltr'><strong>feris</strong></span> <span class='ocrx_word' id='word_1_109' title='bbox 322 1258 405 1309; x_wconf 82' lang='lat' dir='ltr'><strong>latuit</strong></span> <span class='ocrx_word' id='word_1_110' title='bbox 414 1261 492 1320; x_wconf 84' lang='lat' dir='ltr'><strong>visis,</strong></span> <span class='ocrx_word' id='word_1_111' title='bbox 503 1258 590 1308; x_wconf 87' lang='lat' dir='ltr'><strong>oblita</strong></span> <span class='ocrx_word' id='word_1_112' title='bbox 601 1259 668 1324; x_wconf 90' lang='lat' dir='ltr'><strong>quid</strong></span> <span class='ocrx_word' id='word_1_113' title='bbox 679 1265 763 1310; x_wconf 74' lang='lat' dir='ltr'><strong>esset:</strong></span> 
     </span>
    </p>

    <p class='ocr_par' dir='ltr' id='par_1_9' title="bbox 140 1325 856 1392">
     <span class='ocr_line' id='line_1_18' title="bbox 140 1325 856 1392; baseline -0.001 -14"><span class='ocrx_word' id='word_1_114' title='bbox 140 1328 268 1392; x_wconf 82' lang='lat' dir='ltr'><strong>Vrsaque</strong></span> <span class='ocrx_word' id='word_1_115' title='bbox 279 1331 442 1392; x_wconf 81' lang='lat' dir='ltr'><strong>conspectos</strong></span> <span class='ocrx_word' id='word_1_116' title='bbox 452 1329 481 1375; x_wconf 92' lang='lat' dir='ltr'><strong>in</strong></span> <span class='ocrx_word' id='word_1_117' title='bbox 491 1327 633 1376; x_wconf 89' lang='lat' dir='ltr'><strong>montibus</strong></span> <span class='ocrx_word' id='word_1_118' title='bbox 644 1325 754 1378; x_wconf 86' lang='lat' dir='ltr'><strong>horruit</strong></span> <span class='ocrx_word' id='word_1_119' title='bbox 764 1343 856 1380; x_wconf 80' lang='lat' dir='ltr'><strong>ursos:</strong></span> 
     </span>
    </p>

    <p class='ocr_par' dir='ltr' id='par_1_10' title="bbox 70 1393 864 1470">
     <span class='ocr_line' id='line_1_19' title="bbox 70 1393 864 1470; baseline 0 -24"><span class='ocrx_word' id='word_1_120' title='bbox 70 1398 131 1470; x_wconf 73' lang='lat'><strong>‘495</strong></span> <span class='ocrx_word' id='word_1_121' title='bbox 140 1393 344 1461; x_wconf 86' lang='lat' dir='ltr'><strong>Pertimuitque</strong></span> <span class='ocrx_word' id='word_1_122' title='bbox 354 1395 448 1459; x_wconf 80' lang='lat' dir='ltr'><strong>lupos3</strong></span> <span class='ocrx_word' id='word_1_123' title='bbox 464 1395 586 1460; x_wconf 83' lang='lat' dir='ltr'><strong>quamvis</strong></span> <span class='ocrx_word' id='word_1_124' title='bbox 598 1401 679 1461; x_wconf 87' lang='lat' dir='ltr'><strong>pater</strong></span> <span class='ocrx_word' id='word_1_125' title='bbox 689 1403 765 1447; x_wconf 83' lang='lat' dir='ltr'><strong>esset</strong></span> <span class='ocrx_word' id='word_1_126' title='bbox 775 1401 803 1448; x_wconf 93' lang='lat' dir='ltr'><strong>in</strong></span> <span class='ocrx_word' id='word_1_127' title='bbox 813 1398 864 1448; x_wconf 85' lang='lat' dir='ltr'><strong>illis</strong></span> 
     </span>
    </p>

    <p class='ocr_par' dir='ltr' id='par_1_11' title="bbox 140 1461 864 1735">
     <span class='ocr_line' id='line_1_20' title="bbox 175 1461 801 1530; baseline 0.006 -17"><span class='ocrx_word' id='word_1_128' title='bbox 175 1461 260 1513; x_wconf 74' lang='lat' dir='ltr'><strong>Ecce!</strong></span> <span class='ocrx_word' id='word_1_129' title='bbox 275 1461 436 1526; x_wconf 70' lang='lat' dir='ltr'><strong>Lycaoniae</strong></span> <span class='ocrx_word' id='word_1_130' title='bbox 445 1462 549 1526; x_wconf 85' lang='lat' dir='ltr'><strong>proies,</strong></span> <span class='ocrx_word' id='word_1_131' title='bbox 560 1464 658 1529; x_wconf 75' lang='lat' dir='ltr'><strong>ignara</strong></span> <span class='ocrx_word' id='word_1_132' title='bbox 668 1469 801 1530; x_wconf 86' lang='lat' dir='ltr'><strong>parentis,</strong></span> 
     </span>
     <span class='ocr_line' id='line_1_21' title="bbox 140 1529 825 1597; baseline 0.006 -15"><span class='ocrx_word' id='word_1_133' title='bbox 140 1531 225 1582; x_wconf 79' lang='lat' dir='ltr'><strong>Arcas</strong></span> <span class='ocrx_word' id='word_1_134' title='bbox 236 1529 329 1592; x_wconf 85' lang='lat' dir='ltr'><strong>adest,</strong></span> <span class='ocrx_word' id='word_1_135' title='bbox 340 1535 384 1581; x_wconf 89' lang='lat' dir='ltr'><strong>ter</strong></span> <span class='ocrx_word' id='word_1_136' title='bbox 395 1530 515 1597; x_wconf 83' lang='lat' dir='ltr'><strong>quinquo</strong></span> <span class='ocrx_word' id='word_1_137' title='bbox 526 1530 585 1583; x_wconf 83' lang='lat' dir='ltr'><strong>iere</strong></span> <span class='ocrx_word' id='word_1_138' title='bbox 596 1533 737 1585; x_wconf 85' lang='lat' dir='ltr'><strong>natalibus</strong></span> <span class='ocrx_word' id='word_1_139' title='bbox 748 1537 825 1586; x_wconf 83' lang='lat' dir='ltr'><strong>actia</strong></span> 
     </span>
     <span class='ocr_line' id='line_1_22' title="bbox 140 1599 864 1671; baseline 0.006 -21"><span class='ocrx_word' id='word_1_140' title='bbox 140 1599 270 1666; x_wconf 86' lang='lat' dir='ltr'><strong>Dumque</strong></span> <span class='ocrx_word' id='word_1_141' title='bbox 280 1599 354 1651; x_wconf 87' lang='lat' dir='ltr'><strong>feras</strong></span> <span class='ocrx_word' id='word_1_142' title='bbox 365 1600 505 1666; x_wconf 63' lang='lat' dir='ltr'><strong>aequitum</strong></span> <span class='ocrx_word' id='word_1_143' title='bbox 521 1600 587 1650; x_wconf 91' lang='lat' dir='ltr'><strong>dum</strong></span> <span class='ocrx_word' id='word_1_144' title='bbox 595 1602 684 1652; x_wconf 84' lang='lat' dir='ltr'><strong>saltus</strong></span> <span class='ocrx_word' id='word_1_145' title='bbox 695 1604 774 1670; x_wconf 81' lang='lat' dir='ltr'><strong>eligit</strong></span> <span class='ocrx_word' id='word_1_146' title='bbox 783 1610 864 1671; x_wconf 79' lang='lat' dir='ltr'><strong>aptos</strong></span> 
     </span>
     <span class='ocr_line' id='line_1_23' title="bbox 140 1668 864 1735; baseline 0.004 -15"><span class='ocrx_word' id='word_1_147' title='bbox 140 1668 341 1734; x_wconf 83' lang='lat' dir='ltr'><strong>Nexilihusque</strong></span> <span class='ocrx_word' id='word_1_148' title='bbox 353 1668 443 1734; x_wconf 79' lang='lat' dir='ltr'><strong>plagis</strong></span> <span class='ocrx_word' id='word_1_149' title='bbox 453 1668 536 1718; x_wconf 80' lang='lat' dir='ltr'><strong>siivas</strong></span> <span class='ocrx_word' id='word_1_150' title='bbox 547 1670 765 1735; x_wconf 84' lang='lat' dir='ltr'><strong>Erymanthidas</strong></span> <span class='ocrx_word' id='word_1_151' title='bbox 777 1674 864 1723; x_wconf 86' lang='lat' dir='ltr'><strong>ambit</strong></span> 
     </span>
    </p>

    <p class='ocr_par' dir='ltr' id='par_1_12' title="bbox 81 1737 837 2078">
     <span class='ocr_line' id='line_1_24' title="bbox 81 1737 826 1806; baseline 0 -15"><span class='ocrx_word' id='word_1_152' title='bbox 81 1741 132 1794; x_wconf 81' lang='lat'><strong>500</strong></span> <span class='ocrx_word' id='word_1_153' title='bbox 141 1737 243 1788; x_wconf 82' lang='lat' dir='ltr'><strong>incidit</strong></span> <span class='ocrx_word' id='word_1_154' title='bbox 252 1738 281 1786; x_wconf 92' lang='lat' dir='ltr'><strong>in</strong></span> <span class='ocrx_word' id='word_1_155' title='bbox 292 1741 423 1786; x_wconf 89' lang='lat' dir='ltr'><strong>matrem:</strong></span> <span class='ocrx_word' id='word_1_156' title='bbox 440 1750 511 1803; x_wconf 87' lang='lat' dir='ltr'><strong>quae</strong></span> <span class='ocrx_word' id='word_1_157' title='bbox 521 1740 626 1789; x_wconf 81' lang='lat' dir='ltr'><strong>restitit</strong></span> <span class='ocrx_word' id='word_1_158' title='bbox 634 1741 741 1791; x_wconf 82' lang='lat' dir='ltr'><strong>Arcade</strong></span> <span class='ocrx_word' id='word_1_159' title='bbox 752 1742 826 1806; x_wconf 76' lang='lat' dir='ltr'><strong>vis03</strong></span> 
     </span>
     <span class='ocr_line' id='line_1_25' title="bbox 141 1805 745 1875; baseline 0.003 -19"><span class='ocrx_word' id='word_1_160' title='bbox 141 1806 178 1857; x_wconf 76' lang='lat' dir='ltr'><strong>Et</strong></span> <span class='ocrx_word' id='word_1_161' title='bbox 188 1807 365 1872; x_wconf 81' lang='lat' dir='ltr'><strong>cognoscenti</strong></span> <span class='ocrx_word' id='word_1_162' title='bbox 375 1805 473 1856; x_wconf 82' lang='lat' dir='ltr'><strong>similis</strong></span> <span class='ocrx_word' id='word_1_163' title='bbox 485 1805 545 1855; x_wconf 86' lang='lat' dir='ltr'><strong>fuit.</strong></span> <span class='ocrx_word' id='word_1_164' title='bbox 566 1807 618 1857; x_wconf 85' lang='lat' dir='ltr'><strong>llle</strong></span> <span class='ocrx_word' id='word_1_165' title='bbox 630 1807 745 1875; x_wconf 80' lang='lat' dir='ltr'><strong>refugit:</strong></span> 
     </span>
     <span class='ocr_line' id='line_1_26' title="bbox 141 1875 804 1941; baseline 0.005 -15"><span class='ocrx_word' id='word_1_166' title='bbox 141 1875 329 1941; x_wconf 81' lang='lat' dir='ltr'><strong>immotosque</strong></span> <span class='ocrx_word' id='word_1_167' title='bbox 340 1875 438 1926; x_wconf 85' lang='lat' dir='ltr'><strong>oeulos</strong></span> <span class='ocrx_word' id='word_1_168' title='bbox 447 1876 476 1924; x_wconf 94' lang='lat' dir='ltr'><strong>in</strong></span> <span class='ocrx_word' id='word_1_169' title='bbox 486 1890 517 1926; x_wconf 90' lang='lat' dir='ltr'><strong>se</strong></span> <span class='ocrx_word' id='word_1_170' title='bbox 527 1876 587 1926; x_wconf 89' lang='lat' dir='ltr'><strong>sine</strong></span> <span class='ocrx_word' id='word_1_171' title='bbox 596 1877 652 1928; x_wconf 85' lang='lat' dir='ltr'><strong>iine</strong></span> <span class='ocrx_word' id='word_1_172' title='bbox 663 1882 804 1930; x_wconf 83' lang='lat' dir='ltr'><strong>tenentem</strong></span> 
     </span>
     <span class='ocr_line' id='line_1_27' title="bbox 142 1942 837 2011; baseline 0.009 -18"><span class='ocrx_word' id='word_1_173' title='bbox 142 1942 259 1994; x_wconf 85' lang='lat' dir='ltr'><strong>Nescius</strong></span> <span class='ocrx_word' id='word_1_174' title='bbox 269 1945 409 1994; x_wconf 85' lang='lat' dir='ltr'><strong>extimuit:</strong></span> <span class='ocrx_word' id='word_1_175' title='bbox 424 1945 593 2011; x_wconf 87' lang='lat' dir='ltr'><strong>propiusque</strong></span> <span class='ocrx_word' id='word_1_176' title='bbox 603 1947 735 1998; x_wconf 72' lang='lat' dir='ltr'><strong>accedere</strong></span> <span class='ocrx_word' id='word_1_177' title='bbox 746 1948 837 1999; x_wconf 80' lang='lat' dir='ltr'><strong>aventi</strong></span> 
     </span>
     <span class='ocr_line' id='line_1_28' title="bbox 142 2010 704 2078; baseline 0.005 -16"><span class='ocrx_word' id='word_1_178' title='bbox 142 2010 280 2063; x_wconf 87' lang='lat' dir='ltr'><strong>Vulniiico</strong></span> <span class='ocrx_word' id='word_1_179' title='bbox 292 2011 385 2062; x_wconf 83' lang='lat' dir='ltr'><strong>fuerat</strong></span> <span class='ocrx_word' id='word_1_180' title='bbox 395 2014 501 2063; x_wconf 82' lang='lat' dir='ltr'><strong>fixurus</strong></span> <span class='ocrx_word' id='word_1_181' title='bbox 511 2019 627 2078; x_wconf 88' lang='lat' dir='ltr'><strong>pectora</strong></span> <span class='ocrx_word' id='word_1_182' title='bbox 636 2016 704 2066; x_wconf 85' lang='lat' dir='ltr'><strong>telo.</strong></span> 
     </span>
    </p>

    <p class='ocr_par' dir='ltr' id='par_1_13' title="bbox 83 2080 864 2286">
     <span class='ocr_line' id='line_1_29' title="bbox 83 2080 864 2152; baseline 0.01 -22"><span class='ocrx_word' id='word_1_183' title='bbox 83 2082 134 2140; x_wconf 82' lang='lat'><strong>505</strong></span> <span class='ocrx_word' id='word_1_184' title='bbox 141 2080 240 2131; x_wconf 80' lang='lat' dir='ltr'><strong>Arcuit</strong></span> <span class='ocrx_word' id='word_1_185' title='bbox 251 2080 445 2145; x_wconf 81' lang='lat' dir='ltr'><strong>Omnipotens:</strong></span> <span class='ocrx_word' id='word_1_186' title='bbox 462 2083 620 2151; x_wconf 83' lang='lat' dir='ltr'><strong>pariterque</strong></span> <span class='ocrx_word' id='word_1_187' title='bbox 632 2085 762 2151; x_wconf 87' lang='lat' dir='ltr'><strong>ipsosque</strong></span> <span class='ocrx_word' id='word_1_188' title='bbox 771 2083 864 2152; x_wconf 81' lang='lat' dir='ltr'><strong>nefasq</strong></span> 
     </span>
     <span class='ocr_line' id='line_1_30' title="bbox 144 2146 778 2217; baseline 0.005 -16"><span class='ocrx_word' id='word_1_189' title='bbox 144 2146 278 2209; x_wconf 80' lang='lat' dir='ltr'><strong>Sustulit3</strong></span> <span class='ocrx_word' id='word_1_190' title='bbox 293 2152 323 2199; x_wconf 86' lang='lat' dir='ltr'><strong>et</strong></span> <span class='ocrx_word' id='word_1_191' title='bbox 333 2147 416 2200; x_wconf 86' lang='lat' dir='ltr'><strong>celeri</strong></span> <span class='ocrx_word' id='word_1_192' title='bbox 427 2156 522 2215; x_wconf 88' lang='lat' dir='ltr'><strong>raptos</strong></span> <span class='ocrx_word' id='word_1_193' title='bbox 532 2166 582 2217; x_wconf 89' lang='lat' dir='ltr'><strong>per</strong></span> <span class='ocrx_word' id='word_1_194' title='bbox 591 2154 686 2204; x_wconf 89' lang='lat' dir='ltr'><strong>inania</strong></span> <span class='ocrx_word' id='word_1_195' title='bbox 694 2159 778 2205; x_wconf 80' lang='lat' dir='ltr'><strong>vento</strong></span> 
     </span>
     <span class='ocr_line' id='line_1_31' title="bbox 143 2217 722 2286; baseline 0 -16"><span class='ocrx_word' id='word_1_196' title='bbox 143 2217 279 2284; x_wconf 84' lang='lat' dir='ltr'><strong>lmposuit</strong></span> <span class='ocrx_word' id='word_1_197' title='bbox 289 2217 367 2268; x_wconf 90' lang='lat' dir='ltr'><strong>coelo</strong></span> <span class='ocrx_word' id='word_1_198' title='bbox 373 2253 381 2280; x_wconf 90' lang='lat'>,</span> <span class='ocrx_word' id='word_1_199' title='bbox 390 2220 534 2286; x_wconf 77' lang='lat' dir='ltr'><strong>vicinaque</strong></span> <span class='ocrx_word' id='word_1_200' title='bbox 544 2220 637 2271; x_wconf 86' lang='lat' dir='ltr'><strong>sidera</strong></span> <span class='ocrx_word' id='word_1_201' title='bbox 648 2221 722 2273; x_wconf 83' lang='lat' dir='ltr'><strong>fecit.</strong></span> 
     </span>
    </p>

    <p class='ocr_par' dir='ltr' id='par_1_14' title="bbox 178 2286 859 2356">
     <span class='ocr_line' id='line_1_32' title="bbox 178 2286 859 2356; baseline 0.006 -17"><span class='ocrx_word' id='word_1_202' title='bbox 178 2287 315 2339; x_wconf 83' lang='lat' dir='ltr'><strong>Intumuit</strong></span> <span class='ocrx_word' id='word_1_203' title='bbox 324 2286 407 2348; x_wconf 88' lang='lat' dir='ltr'><strong>luno,</strong></span> <span class='ocrx_word' id='word_1_204' title='bbox 417 2293 564 2354; x_wconf 84' lang='lat' dir='ltr'><strong>postquam</strong></span> <span class='ocrx_word' id='word_1_205' title='bbox 574 2291 649 2341; x_wconf 90' lang='lat' dir='ltr'><strong>inter</strong></span> <span class='ocrx_word' id='word_1_206' title='bbox 659 2291 752 2341; x_wconf 84' lang='lat' dir='ltr'><strong>sidera</strong></span> <span class='ocrx_word' id='word_1_207' title='bbox 763 2289 859 2356; x_wconf 82' lang='lat' dir='ltr'><strong>peilex</strong></span> 
     </span>
    </p>
   </div>
   <div class='ocr_carea' id='block_1_3' title="bbox 85 2354 864 2706">
    <p class='ocr_par' dir='ltr' id='par_1_15' title="bbox 85 2354 864 2706">
     <span class='ocr_line' id='line_1_33' title="bbox 144 2354 864 2428; baseline 0.004 -21"><span class='ocrx_word' id='word_1_208' title='bbox 144 2354 248 2407; x_wconf 85' lang='lat' dir='ltr'><strong>Fulsit:</strong></span> <span class='ocrx_word' id='word_1_209' title='bbox 260 2355 334 2407; x_wconf 89' lang='lat' dir='ltr'><strong>etad</strong></span> <span class='ocrx_word' id='word_1_210' title='bbox 345 2369 442 2407; x_wconf 87' lang='lat' dir='ltr'><strong>canam</strong></span> <span class='ocrx_word' id='word_1_211' title='bbox 452 2356 595 2409; x_wconf 90' lang='lat' dir='ltr'><strong>descendit</strong></span> <span class='ocrx_word' id='word_1_212' title='bbox 604 2359 766 2426; x_wconf 76' lang='lat' dir='ltr'><strong>insequere</strong></span> <span class='ocrx_word' id='word_1_213' title='bbox 776 2359 864 2428; x_wconf 72' lang='lat' dir='ltr'><strong>Tethy</strong></span> 
     </span>
     <span class='ocr_line' id='line_1_34' title="bbox 85 2424 860 2493; baseline 0.004 -17"><span class='ocrx_word' id='word_1_214' title='bbox 85 2424 134 2480; x_wconf 76' lang='lat' dir='ltr'><strong>iro</strong></span> <span class='ocrx_word' id='word_1_215' title='bbox 144 2424 342 2491; x_wconf 78' lang='lat' dir='ltr'><strong>Oceanumque</strong></span> <span class='ocrx_word' id='word_1_216' title='bbox 351 2439 461 2488; x_wconf 79' lang='lat' dir='ltr'><strong>senem3</strong></span> <span class='ocrx_word' id='word_1_217' title='bbox 476 2442 598 2493; x_wconf 90' lang='lat' dir='ltr'><strong>quorum</strong></span> <span class='ocrx_word' id='word_1_218' title='bbox 606 2431 763 2479; x_wconf 84' lang='lat' dir='ltr'><strong>reverentia</strong></span> <span class='ocrx_word' id='word_1_219' title='bbox 772 2431 860 2479; x_wconf 84' lang='lat' dir='ltr'><strong>morit</strong></span> 
     </span>
     <span class='ocr_line' id='line_1_35' title="bbox 143 2490 861 2562; baseline 0.008 -20"><span class='ocrx_word' id='word_1_220' title='bbox 143 2490 232 2558; x_wconf 81' lang='lat' dir='ltr'><strong>Saepe</strong></span> <span class='ocrx_word' id='word_1_221' title='bbox 242 2492 331 2544; x_wconf 87' lang='lat' dir='ltr'><strong>Deos:</strong></span> <span class='ocrx_word' id='word_1_222' title='bbox 348 2509 528 2562; x_wconf 79' lang='lat' dir='ltr'><strong>caussamque</strong></span> <span class='ocrx_word' id='word_1_223' title='bbox 539 2498 600 2548; x_wconf 82' lang='lat' dir='ltr'><strong>viae</strong></span> <span class='ocrx_word' id='word_1_224' title='bbox 610 2498 773 2549; x_wconf 83' lang='lat' dir='ltr'><strong>scitantibus</strong></span> <span class='ocrx_word' id='word_1_225' title='bbox 784 2497 861 2549; x_wconf 84' lang='lat' dir='ltr'><strong>infit:</strong></span> 
     </span>
     <span class='ocr_line' id='line_1_36' title="bbox 144 2560 779 2633; baseline 0.016 -25"><span class='ocrx_word' id='word_1_226' title='bbox 144 2560 297 2624; x_wconf 78' lang='lat' dir='ltr'><strong>Quaeritis,</strong></span> <span class='ocrx_word' id='word_1_227' title='bbox 309 2561 440 2615; x_wconf 83' lang='lat' dir='ltr'><strong>aetheriis</strong></span> <span class='ocrx_word' id='word_1_228' title='bbox 452 2579 537 2631; x_wconf 86' lang='lat' dir='ltr'><strong>quare</strong></span> <span class='ocrx_word' id='word_1_229' title='bbox 546 2567 645 2633; x_wconf 82' lang='lat' dir='ltr'><strong>regina</strong></span> <span class='ocrx_word' id='word_1_230' title='bbox 654 2567 779 2618; x_wconf 85' lang='lat' dir='ltr'><strong>Deorum</strong></span> 
     </span>
     <span class='ocr_line' id='line_1_37' title="bbox 127 2625 864 2706; baseline 0.009 -28"><span class='ocrx_word' id='word_1_231' title='bbox 127 2625 254 2683; x_wconf 72' lang='lat' dir='ltr'><strong>Sedibus</strong></span> <span class='ocrx_word' id='word_1_232' title='bbox 261 2629 443 2690; x_wconf 76' lang='lat' dir='ltr'><strong>ducadsimt</strong></span> <span class='ocrx_word' id='word_1_233' title='bbox 459 2650 511 2706; x_wconf 89' lang='lat' dir='ltr'><strong>pro</strong></span> <span class='ocrx_word' id='word_1_234' title='bbox 522 2635 864 2690; x_wconf 66' lang='lat' dir='ltr'><strong>meteuetatteracuetnn</strong></span> 
     </span>
    </p>
   </div>
   <div class='ocr_carea' id='block_1_4' title="bbox 0 0 983 3292">
    <p class='ocr_par' dir='ltr' id='par_1_16' title="bbox 0 0 983 3292">
     <span class='ocr_line' id='line_1_38' title="bbox 0 0 983 3292; baseline 0 0"><span class='ocrx_word' id='word_1_235' title='bbox 0 0 983 3292; x_wconf 95' lang='lat' dir='ltr'><strong> </strong></span> 
     </span>
    </p>
   </div>
  </div>
 </body>
</html>
