1950 3292
466 344 471 353 ι

110 435 656 522 murnu'onruosrouum.
674 461 712 519 ιι.
771 463 807 518 4⁵
924 506 934 537 x.

41 559 178 628 Plangere
188 539 263 614 nudi
272 564 474 616 meiseonnbar
485 571 597 632 pectora
606 567 720 635 palmis:

41 629 94 682 Sed
105 645 198 697 neque
209 631 263 682 iam
273 632 389 697 emmas,
399 649 450 685 nee
460 641 574 700 peetora
585 635 660 685 nuda
665 636 804 702 gerebam.
814 638 865 694 585

42 699 206 750 Currebam:
222 714 286 762 nee,
296 706 328 750 ut
337 708 419 764 ante,
428 704 512 768 pedes
523 705 662 756 retinebat
671 718 772 755 arena:

42 765 94 819 Sed
104 783 216 818 summa
226 769 347 820 tollebar
357 768 452 822 humo:
468 787 532 824 mex
543 778 606 823 acta
615 787 664 838 per
675 788 759 823 auras
774 781 785 801 ··

41 835 164 898 brahen,
175 841 205 888 et
213 837 279 888 data
289 853 348 887 sunt
361 854 451 891 cemes
460 841 604 906 inculpata
614 842 768 894 Minervae.

41 905 113 968 auid
122 911 219 957 tamen
229 905 281 956 boe
291 908 417 972 prodest,
428 910 452 960 si
460 909 523 960 diro
536 911 610 960 sacta
620 911 741 961 volueris
822 922 826 927 ·

41 973 717 1041 cumineNyctimenenostrosuccessiehonorit
754 1034 757 1038 ,
815 979 865 1049 590

72 1044 129 1106 An,
141 1059 214 1110 quae
223 1058 274 1109 per
283 1050 371 1094 totam
383 1060 427 1096 res
439 1052 482 1097 est
493 1048 636 1098 notissima
645 1048 765 1110 Lesbon,

40 1111 103 1166 Non
114 1112 212 1163 audita
220 1114 270 1164 tibi
282 1111 341 1163 esti
355 1115 475 1179 patrium
486 1121 636 1167 temerasse
648 1116 738 1168 cubile
799 1117 801 1122 '

40 1177 246 1249 Nyctimenen?
262 1181 319 1231 avis
329 1181 378 1232 illa
388 1184 511 1250 quidem:
527 1186 576 1236 sed
587 1185 697 1239 conseia
707 1183 805 1250 culpae

41 1250 384 1318 compectum·lueemque
393 1252 475 1319 fugit,
485 1255 662 1321 tenebrisque
672 1253 806 1320 pudorem

41 1321 137 1382 celate
154 1326 210 1372 eta
220 1321 327 1371 eunetis
338 1321 487 1386 expellitur
497 1322 611 1375 aethere
621 1329 691 1374 toto.
815 1325 865 1394 595

75 1388 162 1442 Talia
171 1389 287 1451 dicenti,
298 1390 375 1451 Tibi,
386 1392 438 1450 ait,
448 1394 635 1453 revocamine,
647 1406 755 1452 corvus,

42 1459 104 1511 Sint
114 1460 280 1524 precerista
289 1458 376 1509 malo:
389 1474 438 1511 nos
446 1474 548 1508 uanum
554 1462 709 1525 spernimus
716 1473 805 1510 omen.

41 1528 98 1581 lt‘ee
109 1532 240 1593 coeptum
250 1527 366 1578 dimittit
376 1529 442 1578 iter:
460 1528 627 1594 dominoque
638 1528 775 1578 iacentem

43 1599 111 1648 Cum
121 1599 222 1648 iurene
231 1596 388 1648 Haemonio
396 1596 499 1649 -ridisse
511 1595 649 1659 Coronida
659 1599 765 1646 narrat.

41 1666 155 1718 Laurea
164 1663 277 1730 delapsa
288 1670 343 1727 est,
353 1666 448 1717 audito
456 1666 587 1727 erimine,
598 1665 713 1716 amanti:
815 1667 867 1719 600

42 1735 78 1786 Et
87 1735 195 1800 pariter
205 1733 352 1800 vultusque
363 1735 437 1795 Deo,
448 1735 653 1802 plectrumque,
665 1734 796 1801 colorque
879 1748 881 1754 ·

43 1798 160 1856 Excidit
180 1802 271 1869 thue
281 1805 389 1853 animus
398 1804 505 1854 tumida
515 1802 639 1854 fervebat
645 1803 683 1853 ab
692 1804 749 1864 ira;

43 1875 249 1925 Armaassueta
258 1875 344 1937 rapit,
360 1871 516 1936 flexumque
527 1886 544 1919 a
555 1872 683 1921 cornibus
693 1884 788 1920 arcum

43 1943 158 1994 Tendit:
173 1947 203 1993 et
210 1939 262 1990 illa
272 1954 327 2009 suq
334 1941 417 1991 toties
429 1955 491 1990 eum
503 1944 616 2004 pectere
626 1940 721 1989 iuncta

42 2009 199 2062 indevitato
208 2010 319 2060 traieeit
329 2014 444 2074 pectora
453 2008 520 2077 telo.
816 2006 866 2062 fiai

42 2081 102 2130 leta
111 2079 189 2130 dedit
199 2079 346 2145 gemitum„
355 2084 501 2143 tractoque
512 2092 529 2127 e
538 2076 652 2138 uulnere
663 2074 747 2139 ferro,

43 2147 296 2213 Candidapunieeu
306 2146 429 2212 perfudit
440 2145 562 2195 membra
573 2159 684 2196 cruore:

42 2220 79 2270 Et
90 2217 173 2279 dixit,
184 2215 267 2268 Potui
277 2230 381 2282 poenas
392 2215 455 2276 tibi,
467 2211 591 2281 Phoebe,
603 2213 727 2277 dedisse3

42 2286 99 2339 Sed
110 2286 251 2353 peperisse
262 2287 351 2350 prius:
367 2284 423 2334 duo
434 2297 506 2333 nunc
515 2283 666 2332 nioriemur
675 2283 704 2332 in
715 2297 779 2334 una.

42 2358 201 2418 Hactenus3
216 2359 246 2406 et
255 2355 360 2421 puriter
369 2355 453 2405 vitam
464 2367 525 2403 eum
536 2352 671 2417 sanguine
680 2351 761 2402 ludit.
817 2349 827 2401 (
835 2362 869 2398 ro

44 2426 153 2490 Corpus
161 2427 246 2474 inane
257 2424 363 2474 animae
372 2422 462 2489 frigus
471 2420 557 2472 letale
568 2426 694 2472 secutum
705 2420 756 2471 e'st.
820 2447 824 2452 -
869 2442 872 2451 ν

81 2493 212 2544 Paenitet
220 2488 288 2543 beu!
304 2507 366 2542 sero
377 2506 483 2558 poenae
491 2488 775 2541 erudelisamantem:

46 2561 153 2628 Seque,
164 2560 237 2627 qued
248 2561 381 2621 audierit,
391 2561 465 2627 qnod
475 2562 515 2610 sic
525 2559 674 2620 exarserit,
685 2557 758 2608 odit:

46 2631 113 2682 Odit
123 2644 216 2691 arem,
225 2643 276 2695 per
288 2644 368 2696 quam
380 2630 483 2679 erimen
495 2642 674 2693 caussamque
687 2624 799 2676 dolendi
815 2672 817 2674 ,

46 2699 125 2752 Scire
135 2703 248 2751 eoseum
258 2703 331 2750 erat:
345 2711 515 2764 nervumque
520 2733 528 2759 ‚
539 2707 702 2763 arcumque,
713 2707 771 2744 ma·
819 2692 870 2751 ms

94 2812 97 2817 ,
461 2782 527 2816 num
549 2781 583 2816 ue
764 2814 767 2818 .

46 2837 127 2902 Odit3
143 2851 368 2906 eumquemeuu,
378 2781 607 2897 temeraria‘bela,
618 2833 742 2901 sagittas.
827 2874 830 2881 f

47 2909 262 2976 Collapsamque
272 2906 360 2958 feret:
378 2918 495 2971 seraque
506 2917 558 2969 ope
568 2905 679 2955 sineere
691 2901 749 2953 fata

46 2976 170 3043 Nititnr3
184 2983 214 3033 et
222 2976 344 3031 medieas
353 2973 595 3029 exereetinaniter
605 2977 689 3024 artes.
