1950 3292
142 380 575 485 -lraramoul’lrosaou
593 432 673 487 ΜΒ.
690 432 730 485 ll.
788 431 824 487 39

58 537 213 590 Eridanum
223 534 366 601 implerat,
381 534 535 603 silvamque
544 537 687 587 sororibus
697 541 821 587 auctam:

58 608 128 657 Cum
137 619 193 656 vox
203 610 246 655 est
255 608 371 655 tenuata
380 607 452 655 niro:
469 621 612 672 canaeque
622 604 738 670 capillos

58 673 244 725 Dissimulant
253 673 376 739 plumae:
388 674 544 741 collumque
555 689 571 723 a
582 681 696 740 pectore
708 674 821 740 longum

56 743 226 810 Porrigitur‚
237 742 395 809 digitosque
405 742 475 809 ligat
485 745 614 793 iunctura
624 744 767 793 rubentem
829 738 880 814 37'5

56 811 151 864 Penna
162 810 237 862 latus
247 813 341 862 vestit:
351 817 429 862 tenet
440 826 470 862 os
481 813 540 862 sine
551 815 678 863 acumine
687 818 819 862 rostrume

56 881 102 933 Fit
112 895 187 931 nova
197 881 307 946 Cycnus
319 881 389 942 aris3
404 895 455 932 nec
465 895 495 932 se
506 881 639 947 coeloque
649 882 764 947 lovique

56 950 166 1011 Credit,
178 955 210 999 ut
218 951 321 1000 iniuste
332 949 408 998 missi
418 964 525 1001 memor
534 951 604 1016 ignis
616 951 649 1001 ab
660 950 717 999 illo.
830 946 833 953 '

57 1017 165 1084 Stagna
173 1019 253 1085 petit,
264 1018 429 1084 patulosque
439 1018 686 1086 lacuszignemquc
694 1032 821 1084 perosus,

58 1087 137 1151 Quae
144 1087 235 1149 colat,
246 1088 330 1153 elegit
340 1088 480 1138 contraria
490 1086 604 1137 llumina
615 1087 741 1139 llammis.
830 1088 881 1143 aso

91 1155 243 1223 Squalidus
254 1158 362 1208 interea
372 1157 483 1222 genitor
489 1155 679 1218 Phaethontis,
690 1163 718 1208 et
723 1171 822 1223 expers

56 1225 121 1291 lpse
132 1227 174 1275 sui
186 1225 305 1286 decoris,
316 1226 419 1292 qualis,
430 1240 491 1275 cum
503 1223 598 1279 delicit
607 1227 712 1288 orbem,

57 1296 128 1346 Esse
137 1294 221 1345 solet:
237 1293 381 1361 lucemque
393 1294 465 1356 odit,
476 1309 561 1360 seque
573 1296 643 1359 ipse,
655 1295 795 1361 diemque:

58 1363 171 1430 Datque
182 1363 302 1414 animum
313 1364 342 1411 in
353 1364 457 1424 luctus3
468 1368 497 1414 et
507 1363 627 1430 luctibus
638 1363 822 1415 adiicitiram:

59 1431 247 1498 officiumque
257 1437 341 1498 negat
351 1431 464 1481 mundo.
485 1430 573 1493 Satis,
582 1434 688 1498 inquit,
697 1434 732 1482 ab
741 1433 804 1483 aevi
830 1438 884 1492 385

60 1499 128 1558 Sors
139 1515 202 1551 mea
213 1501 354 1566 principiis
366 1499 420 1549 fuit
429 1500 581 1565 irrequieta
587 1517 599 1549 :-
611 1502 741 1566 pigetque

59 1570 194 1621 Actorum
204 1571 264 1618 sine
274 1570 329 1619 tine
339 1568 420 1630 mihi,
430 1569 491 1617 siue
502 1566 622 1629 bonore,
632 1568 768 1619 laborum.
792 1609 795 1613 .

60 1638 184 1699 Quilibet
195 1637 269 1688 alter
280 1642 345 1703 agat
355 1642 499 1701 portantes
509 1637 617 1687 lumina
626 1652 733 1688 currus.

61 1706 89 1758 Si
100 1720 185 1757 nemo
197 1708 253 1766 est,
263 1720 413 1772 omnesque
425 1704 478 1755 Dei
491 1720 546 1755 non
558 1720 639 1770 posse
650 1704 791 1768 fatentur;

58 1776 121 1839 lpse
133 1779 211 1841 agat:
221 1779 255 1822 ut
264 1773 371 1834 saltem,
381 1773 447 1823 dum
458 1780 567 1824 nostras
577 1779 668 1825 tentat
678 1773 809 1836 habenas,
835 1778 885 1847 390

60 1844 204 1895 orbatura
213 1847 308 1908 patres
318 1840 468 1907 aliquando
479 1840 599 1891 fulmina
609 1848 703 1906 poisat.

60 1913 133 1964 'luni
144 1911 226 1972 sciet,
237 1909 397 1979 ignipedum
407 1909 481 1959 vires
492 1915 625 1972 expertus
635 1924 777 1974 equorum,

59 1981 124 2032 Non
136 1981 271 2031 meiuisse
282 1993 391 2040 necem,
404 1979 516 2044 quinon
528 1977 599 2028 bene
610 1976 717 2028 rexerit
725 1977 798 2029 illos.

59 2049 143 2101 Talia
153 2048 292 2100 dicentem
303 2047 482 2098 circumstant
493 2047 587 2096 omnia
597 2045 689 2097 Solem
862 2064 873 2070 ·

59 2117 194 2169 Numina:
204 2128 279 2167 nere
288 2115 357 2166 velit
366 2115 495 2164 tenebras
506 2114 638 2166 inducere
648 2115 739 2177 rebus,
832 2118 885 2188 595

61 2185 192 2253 Supplice
201 2198 271 2236 soce
281 2189 388 2251 rogant.
401 2183 502 2233 Missos
513 2195 623 2248 quoqne
633 2183 739 2248 iupiter
748 2184 827 2250 ignes

60 2256 199 2316 Excusat,
207 2254 390 2320 precibusque
400 2252 489 2301 minas
500 2251 635 2317 regaliter
644 2251 730 2304 addit.

62 2324 178 2389 colligit
189 2328 325 2384 amentes,
337 2325 365 2371 et
376 2319 466 2371 adhuc
475 2324 585 2371 terrore
595 2327 735 2386 paventes,

62 2390 192 2445 Phoebus
201 2405 301 2458 equos:
316 2389 484 2457 stimuloque
496 2390 611 2441 domans
620 2395 649 2442 et
658 2391 774 2443 retbere

10 2508 14 2517 ,
477 2459 580 2509 sacrit:

10 2520 12 2529 '
64 2530 158 2586 Saevit
166 2529 417 2594 enim‚natumqne
427 2527 558 2589 obiectat,
568 2531 597 2577 et
606 2527 725 2592 imputat
734 2526 802 2579 illis.
837 2530 888 2583 400

10 2644 14 2653 .
95 2601 226 2664 Atpater
235 2598 408 2662 omnipotens
419 2596 544 2662 ingentia
554 2598 663 2648 moenia
673 2597 745 2648 coeli

66 2668 183 2721 Circuit:
200 2669 242 2727 et,
252 2680 287 2715 ne
297 2664 362 2731 quid
372 2663 539 2716 labefactum
549 2663 653 2715 viribus
663 2666 736 2730 ignis

20 2734 38 2787 .'
67 2736 199 2797 corruat,
211 2733 348 2799 explorat.
369 2733 446 2793 Quae
456 2737 602 2798 postquam
614 2734 707 2794 firma,
717 2733 815 2798 suique

67 2804 185 2856 Roboris
197 2817 258 2854 esse
268 2801 356 2852 videt:
372 2805 474 2862 terras,
484 2799 680 2867 hominumque
691 2800 803 2852 labores

67 2872 210 2939 Perspicit
229 2869 364 2922 Arcadiae
374 2874 464 2921 tamen
476 2873 521 2920 cst
529 2870 684 2938 impensior
693 2870 740 2925 illi
852 2871 907 2928 lob

69 2942 229 2995 varannae:
238 2937 397 3005 mutesque,
408 2944 439 2993 et
446 2940 577 2998 nondum
589 2944 736 3003 audentia
743 2943 811 3000 labi
