1950 3292
137 111 173 170 14
325 110 357 167 r.
375 86 733 179 ovruuussours'
765 93 768 97 ’

136 216 285 272 Nereidesr
299 216 438 286 silvasque
448 221 547 269 urunt
555 215 716 284 delphines,
722 221 752 270 ei
761 214 827 270 altis

136 289 284 342 incursant
293 288 391 350 remis,
401 287 561 354 agitataque
572 287 674 338 robora
684 287 805 353 pulsent.

106 412 111 420 ,
136 356 458 424 Nntlupusiuterores:
471 354 853 420 fulvossebitundnleones:

23 431 38 445 ‘'
78 422 304 480 rotundaretur
314 425 414 492 tigres:
428 423 781 490 necriresiulminisaquo,

139 497 229 547 Crura
238 510 291 546 nec
300 495 395 546 ableto
405 498 524 560 prosunt
534 494 641 546 velocis
650 509 744 551 cervo.

138 563 394 632 Quaesitisqnediu
403 562 501 625 terris,
510 562 557 615 ubi
566 563 658 616 sidere
669 563 760 626 detur,

138 633 172 686 ln
183 647 260 702 mare
270 632 381 685 lassatis
390 631 512 685 volueris
521 647 592 701 rege
602 632 706 684 decidit
715 631 779 683 alis.

139 701 279 754 Obruerat
288 701 411 753 tumulos
421 702 557 754 immensu
566 702 679 754 licentia
687 702 780 768 ponti,

80 771 131 823 510
139 770 347 841 Pulsnbnntque
357 772 424 823 novi
431 775 566 823 montana
575 772 718 825 cacumina
728 768 840 822 fluctus.

141 840 267 893 Maxima
275 854 341 907 pers
349 840 425 891 unda
433 841 554 906 rapitur:
574 839 870 909 quibusundspeperc

13 939 35 967 ,κ
141 911 209 964 illos
220 910 305 976 longa
314 909 429 961 doruant
437 910 515 975 inopi
524 909 629 960 ieiunia
638 909 725 960 victu.

177 978 296 1045 Separat
303 979 409 1032 Aonios
417 978 527 1029 Actaeis
536 975 635 1028 Phocis
649 976 683 1028 ab
694 979 779 1040 arvis,

141 1049 233 1101 Terra
240 1046 332 1110 ferax,
344 1046 408 1098 dum
420 1051 497 1098 terre
506 1044 574 1109 fuit3
588 1045 773 1113 sedtempore
782 1047 812 1097 in
822 1044 870 1097 illo

10 1148 14 1154 -
82 1110 439 1180 supermanantem
450 1115 605 1167 subiturum
615 1130 730 1182 europus
741 1128 870 1182 aqusruu

140 1187 225 1238 Mons
235 1186 273 1239 ibi
282 1186 432 1239 verticibus
441 1185 514 1252 petit
523 1184 627 1236 uduus
637 1189 718 1236 esua
724 1184 845 1247 duobus,
856 1206 861 1221 ·

141 1256 263 1309 Nomine
270 1254 421 1317 Parnasus,
431 1258 598 1319 superatque
609 1255 751 1305 cacumine
761 1254 863 1306 nubes.

141 1324 196 1376 liic
206 1325 254 1375 ubi
265 1323 433 1384 Deucalion,
443 1337 506 1372 unns
518 1326 630 1373 caetere
639 1325 749 1375 texeret
759 1337 870 1389 sequor,

143 1394 212 1442 Cum
223 1396 352 1443 consorte
361 1393 417 1443 tori
426 1405 512 1458 parsu
520 1396 582 1442 sate
592 1395 687 1443 vectus
697 1389 842 1454 sdbaesit;

82 1463 135 1515 dno
143 1460 296 1527 Corycidas
305 1458 463 1526 Nymphas,
473 1464 503 1513 et
511 1460 626 1510 numius
636 1462 738 1511 meotis
749 1459 870 1511 adorauit

142 1527 352 1597 Fatidicamque
363 1527 581 1597 Tbemiupquse
592 1543 670 1580 nunc
677 1529 772 1581 orecte
781 1530 870 1589 tenebz

141 1597 205 1668 Non
216 1597 267 1650 illo
278 1598 378 1653 melior
388 1599 547 1665 quisquam,
557 1613 609 1650 nec
618 1594 758 1650 mentior
768 1599 854 1667 acqui

140 1668 194 1723 Vir
205 1667 271 1732 fuit,
281 1671 330 1719 aut
339 1666 390 1718 illa
399 1667 569 1719 metueun'or
578 1665 636 1718 ulls
645 1667 780 1719 Deorunn

141 1736 248 1803 Iupiter
256 1740 288 1788 ut
297 1735 412 1803 liquidis
420 1739 551 1802 stagnare
561 1735 709 1803 paludibus
720 1737 828 1800 orbern,

83 1797 133 1856 525
141 1806 180 1858 Et
191 1819 339 1872 superesse
345 1803 422 1856 videt
431 1803 467 1856 do
477 1808 522 1855 tot
530 1805 613 1857 niodo
623 1805 745 1859 millibus
755 1821 854 1868 unum,

141 1875 180 1927 Et
189 1888 334 1940 superesse
344 1872 421 1927 videt
429 1872 465 1926 de
475 1878 520 1925 tot
529 1872 612 1926 ruodo
621 1875 744 1927 millibus
754 1889 870 1940 unam·-

142 1943 280 1995 innocuos
289 1944 399 2006 ambos,
409 1942 534 1995 cultores
541 1944 664 1994 numinis
673 1944 789 2008 umbos,

142 2011 247 2064 Nubila
256 2012 379 2064 disiecit:
391 2010 547 2079 nimbisque
557 2012 693 2080 Aquilone
704 2012 840 2075 remotis-,-

142 2079 267 2133 Etcoelo
276 2085 367 2133 terrns
377 2080 551 2143 ostendit,ct
560 2079 675 2132 sothero
684 2084 775 2135 terris

143 2147 201 2201 Nec
210 2151 295 2211 uraris
305 2151 349 2202 irn
357 2154 464 2212 menet3
478 2150 623 2218 positoque
633 2152 787 2219 tricuspide
797 2150 860 2203 telo

143 2218 250 2270 Muleet
259 2233 345 2286 aquas
354 2224 448 2270 rector
457 2218 562 2286 pelagis
573 2235 713 2288 supraque
724 2221 870 2287 profundo

144 2288 308 2350 Ruentem,
318 2292 403 2355 atque
414 2286 544 2339 humeros
552 2290 650 2349 innato
661 2293 766 2342 murice
775 2296 870 2342 tectus

69 2373 74 2380 ·
143 2355 309 2408 Genusum
320 2357 543 2420 Tritonsvoent;
560 2357 737 2425 conchaeque
746 2360 845 2410 soneci

120 2468 123 2477 .
141 2425 281 2490 inspirare
291 2425 381 2488 iubet3
396 2425 552 2492 ductusque
563 2426 808 2493 ettiurninssipne

84 2493 133 2550 535
141 2493 201 2546 lem
212 2508 345 2546 revocare
356 2494 430 2549 doto.
450 2495 524 2547 Corn
532 2496 649 2548 buccine
657 2497 779 2547 sumitur
786 2495 829 2546 illi

142 2561 275 2626 Tortilis,
282 2563 411 2616 inlatum
423 2579 494 2632 quse
504 2564 616 2617 turbine
625 2567 728 2617 crescit
736 2565 771 2615 nb
782 2565 852 2617 inm

122 2627 272 2700 Buccins,
279 2649 357 2705 quae
369 2635 466 2694 medio
477 2634 608 2705 concepit
615 2638 651 2688 ut
658 2636 833 2703 obrepente,
