1950 3292
136 116 190 175 aas
320 112 510 192 osorton
529 106 711 165 nnsoxxs

121 227 124 232 '
137 218 251 274 Addidit
260 221 393 271 mutem:
409 232 460 269 neo
470 213 663 284 cognoscenda
671 214 786 285 reliquit

77 291 129 351 ito
138 289 195 340 Ora
205 287 284 339 nnbi:
303 288 459 353 Cretenque
470 286 517 336 diu
527 285 664 336 dubitarit
673 282 830 337 habendam

136 356 287 418 Traderet,
298 372 334 409 an
344 354 443 407 Delon.
464 353 537 407 Delo
548 355 684 420 Cretaque
696 352 804 405 relictis

136 429 191 479 llic
200 427 302 493 posuit,
313 439 468 492 nomenque
478 422 570 485 simul,
581 422 654 491 qurrd
665 424 754 489 possit
763 435 899 489 equarum

134 495 330 557 admonuisse,
340 493 582 559 iubet-deponere:
599 492 708 572 Quique
720 490 799 543 fuisti

134 556 318 634 Hippolytus,
329 563 411 624 dixit,
422 578 496 613 nuno
505 562 579 612 idem
589 561 703 614 Virbius
714 566 785 614 esto.

75 631 124 688 545
135 632 198 685 lloc
207 647 305 695 nemus
313 632 377 683 inde
388 630 466 691 colo,
477 631 512 681 de
522 631 629 698 Disque
640 631 796 683 maioribus
806 642 878 681 unus

135 702 253 756 Numine
263 702 315 752 sub
325 701 455 753 dominae
466 699 554 760 lateo,
565 704 649 766 atque
660 711 810 751 accenseor
821 696 874 749 illi.

170 770 233 822 Non
244 776 338 833 temen
348 770 465 837 Egeriae
476 767 567 819 laetus
577 768 669 818 aliena
679 767 775 819 levare
808 808 811 813 .

135 840 247 892 Damna
255 837 363 901 valent,
374 839 475 893 montis
495 852 529 889 ue
540 839 632 889 iacens
641 836 784 889 radicibus
794 837 858 886 imis

135 909 268 977 Liquitur
276 908 306 959 in
317 907 459 959 lacrimas:
476 852 576 968 ganeo,
587 907 691 973 pietate
702 905 827 957 dolentis

75 974 127 1030 55ο
136 979 229 1040 Mota,
236 991 318 1028 soror
328 974 433 1029 Phoebi
443 974 566 1043 gelidum
577 976 611 1026 de
621 989 739 1043 corpore
750 974 860 1029 iontem

136 1045 229 1110 Fecit3
246 1051 275 1098 et
284 1051 413 1098 aeternas
424 1048 502 1097 artus
512 1045 638 1096 tenuavit
648 1045 675 1095 in
685 1044 786 1097 undas.

136 1115 206 1170 AtN
255 1113 325 1183 phas
334 1114 428 1182 tetigit
438 1126 509 1164 nova
519 1127 577 1164 res:
593 1114 772 1166 attimazone
783 1119 868 1167 natus

135 1130 318 1245 Hauffliter
328 1184 448 1249 stupuit;
464 1196 546 1254 quam
558 1195 619 1232 eum
631 1181 797 1251 Tyrrhenus
806 1188 902 1235 arator

135 1254 264 1309 Fatalem
273 1254 382 1321 glebam
395 1251 494 1303 nrediis
503 1251 631 1317 adspexit
640 1253 669 1307 in
680 1253 763 1315 arvis,

75 1320 126 1378 555
137 1324 242 1391 Sponte
254 1339 305 1375 sua
315 1324 448 1389 primurn,
459 1319 740 1389 nulloque‘agitaate,
751 1322 870 1373 moveri:

136 1392 253 1444 Sumere
264 1406 328 1443 mox
340 1389 467 1450 hominis,
479 1395 626 1459 terraeque
632 1392 762 1445 amittere
769 1390 902 1452 formam

137 1462 248 1528 Oraque
259 1460 382 1511 venturis
393 1459 502 1524 aperire
512 1461 636 1511 recentia
646 1459 720 1513 satis.

136 1532 148 1581 l
189 1530 286 1599 igenae
296 1529 391 1581 dixere
402 1529 512 1595 'regem
529 1529 575 1597 qui
587 1530 693 1595 primus
704 1530 853 1585 Etruscam

133 1600 160 1650 Ε
181 1600 258 1650 oeuit
267 1602 379 1666 gentem
390 1610 470 1649 casus
480 1597 590 1664 aperire
601 1597 721 1653 futuros.

16 1691 19 1703 ·
76 1663 231 1736 560thue
241 1667 376 1720 Palatinis
387 1665 549 1722 haerentem
560 1667 679 1724 eollibrm
689 1669 757 1729 olim
795 1712 806 1724 ,

138 1739 207 1788 Cum
218 1738 309 1788 subito
321 1737 389 1787 vidit
398 1735 576 1789 frondescere
586 1736 721 1795 Romulus
730 1737 851 1802 hastam,

138 1807 218 1868 Quae
227 1806 321 1857 radice
333 1819 416 1868 nova,
426 1820 480 1857 non
492 1805 568 1861 ferro
580 1808 672 1860 stabat
682 1808 798 1862 adactos

137 1877 173 1935 lit
184 1877 237 1928 iam
249 1891 304 1927 non
315 1875 416 1936 telum,
427 1874 476 1927 sed
486 1874 556 1926 lenti
567 1877 676 1929 viminis
686 1877 770 1931 arbor

138 1944 201 1996 Non
211 1949 385 2011 exspectatas
395 1944 479 1996 dabat
490 1944 692 1999 admirantibus
703 1947 827 1999 umbras.

77 2009 128 2068 565
139 2015 195 2065 Aut
204 2027 255 2063 sua
264 2011 398 2065 fluminea
406 2028 468 2065 cum
479 2014 548 2070 ridit
558 2015 643 2082 Cipus
650 2016 679 2070 in
689 2015 766 2069 unda

39 2104 43 2119 ·-
138 2082 262 2142 Cornua,
273 2081 343 2135 vidit
353 2083 438 2145 enini,
450 2078 604 2153 falsamque
615 2085 643 2136 in
654 2086 776 2153 imagine
786 2083 904 2138 credens

137 2153 207 2204 Esse
217 2150 315 2213 tidem,
326 2149 418 2233 digitis
429 2151 464 2205 ad
474 2150 594 2205 frontem
605 2169 688 2222 saepe
698 2154 806 2217 relatis,

138 2220 217 2283 Quae
228 2219 311 2281 vidit,
320 2223 427 2288 tetigit:
439 2236 489 2274 nee
499 2223 555 2274 iam
566 2237 617 2279 sua
627 2223 734 2276 lumina
744 2222 883 2276 damnans

138 2289 265 2352 Restitit,
275 2294 307 2340 ut
317 2289 406 2343 victor
416 2289 523 2348 domito
533 2293 677 2355 remeabat
686 2294 721 2347 ab
732 2291 822 2346 bostez

77 2352 128 2426 570
138 2359 353 2429 Adcoelumque
365 2359 476 2423 oculos,
486 2364 515 2412 et
524 2360 623 2416 eodem
633 2361 747 2417 brachia
757 2361 872 2427 tollens,

138 2428 292 2496 Quidquid,
302 2429 354 2490 ait,
365 2427 478 2496 Superi,
488 2435 612 2483 momtro
622 2428 800 2499 portenditur
809 2433 877 2495 isto,

139 2497 195 2550 Seu
207 2496 369 2560 laetumest,
378 2499 605 2564 patriaelaetum‚
611 2499 772 2571 populoque
778 2500 904 2567 Quirini3

135 2567 202 2622 Siue
213 2568 320 2634 minax,
331 2567 398 2621 mihi
408 2571 459 2621 sits
472 2568 609 2638 viridique
621 2586 636 2622 e
647 2570 758 2640 cespide
769 2570 860 2625 factae

124 2640 232 2703 Placet
243 2642 376 2733 odoratis
385 2639 527 2700 herbosas
532 2640 732 2720 ign'busanas,
