1950 3292
10 346 12 353 Ι
461 324 483 345 fl

19 494 36 503 ,
124 384 537 483 uarsmonrnosaos
555 430 636 484 mn.
657 432 743 486 vm.
764 433 813 489 roo

10 502 39 913 ὲ
54 532 276 657 qqqnoqqcerut
286 531 368 596 mm
383 546 447 583 nam
457 533 511 583 nm
523 533 661 600 pendebat
671 516 801 599 rasuras,
827 540 872 593 225

194 600 284 653 factus
296 607 357 654 erat
368 599 450 653 iulris
459 602 623 654 Haliaeitos
633 604 699 668 alis3

53 670 123 737 luat,
133 676 167 722 ut
176 668 335 723 haerentem
347 677 439 723 rostro
450 671 570 724 laniaret
579 672 697 725 adunco.
768 690 775 701 ·

53 739 104 793 uls
112 744 192 792 metu
202 741 315 806 puppim
325 740 451 791 dimittit:
467 746 498 792 at
507 755 577 793 aura
586 742 731 795 cadentem
812 788 816 795 .

53 806 222 861 Sustinuissc
232 809 313 870 ieris,
322 823 357 860 ne
368 814 495 877 tangeret
505 825 639 880 aequora,
650 814 708 863 visa
718 819 769 864 est.

10 896 15 935 2·
53 876 150 929 Pluma
159 876 227 930 tuit=
243 878 343 943 plumis
354 880 382 927 in
394 894 472 930 avem
482 885 589 932 mutata
597 887 714 932 vocatur
823 879 871 932 150

10 942 18 985 Γ
54 948 134 999 Giris:
149 952 179 1000 et
188 961 206 995 a
215 951 295 997 tonso
306 953 349 998 est
358 944 409 998 hoc
421 962 521 999 nonren
532 949 634 1014 adepta
644 950 756 1016 capillo.

83 1017 159 1069 Vota
168 1015 226 1066 lori
236 1015 328 1066 Minos
338 1021 482 1067 taurorum
493 1032 610 1083 corpora
620 1024 730 1069 centum

10 1114 18 1123 -
51 1082 152 1146 Solvit,
161 1089 196 1134 ut
204 1100 332 1152 egressus
342 1087 447 1136 ratibus
459 1087 591 1136 Curetida
598 1091 704 1138 terram

10 1168 16 1175 ·
50 1154 188 1221 Contigit,
204 1159 234 1205 et
241 1153 337 1219 spoliis
348 1153 478 1205 decorata
489 1160 531 1205 est
541 1156 619 1221 regia
628 1156 700 1206 lixis.

51 1222 208 1275 creverato
229 1222 368 1287 probrium
379 1225 501 1290 generis:
517 1223 684 1291 foedumque
695 1222 868 1291 patebat155

50 1292 150 1342 Matris
159 1236 327 1342 adudterium
338 1293 454 1343 monstri
465 1293 588 1343 novitate
597 1293 731 1345 biformis.

10 1358 17 1411 ’.
47 1358 180 1412 Destinat
190 1357 361 1410 huncMinos
373 1359 502 1411 thalamis
508 1363 804 1429 removerepudoren13

10 1438 17 1487 t
49 1427 254 1496 multiplicique
265 1428 361 1490 domo,
372 1431 515 1496 caecisque
525 1429 667 1482 includere
678 1433 765 1483 tectis.

10 1500 18 1557 ἰ
48 1496 191 1551 Daedalus
200 1498 311 1563 ingenio
323 1497 418 1548 fabrae
429 1497 627 1549 celeberrimus
638 1501 706 1550 artis

10 1566 15 1589 ³
48 1565 129 1617 Ponit
139 1579 220 1632 opust
235 1566 386 1634 turbatque
397 1571 530 1629 notas,et
540 1566 645 1616 lumina
654 1567 757 1625 flexum
821 1565 868 1616 ndo
953 1602 956 1607 .

10 1632 14 1641 '
46 1634 131 1686 Ducit
140 1636 170 1685 in
180 1647 304 1686 errorem
315 1636 453 1686 variarum
464 1635 580 1703 ambage
591 1637 705 1687 riarum.

47 1703 108 1755 Non
117 1717 198 1755 secus
208 1716 241 1752 ac
251 1702 370 1769 liquidus
381 1703 457 1771 Phry
476 1706 508 1754 iis
516 1705 684 1757 Maeandros
695 1706 724 1756 in
734 1704 807 1756 arvis

46 1771 144 1834 Ludna
159 1775 189 1824 et
199 1771 329 1837 ambiguo
339 1773 420 1835 lapsu
430 1721 576 1839 redditque
588 1773 717 1842 iluitquer

48 1841 260 1905 Occurrensque
271 1839 323 1887 sibi
335 1842 463 1893 venturas
474 1840 592 1903 adspicit
600 1844 701 1892 undas:

46 1910 85 1961 ut
93 1924 167 1961 nunc
177 1908 214 1959 ad
225 1906 330 1966 fontes,
341 1907 451 1955 nuncin
462 1919 539 1956 mare
549 1921 645 1957 versus
656 1914 790 1973 apertum,
822 1908 868 1959 165

45 1978 172 2030 incertus
183 1979 295 2027 exercet
306 1988 400 2041 aquas.
419 1976 463 2024 lta
471 1973 614 2025 Daedalus
624 1976 723 2041 implet

44 2048 210 2105 Innumeras
221 2057 318 2095 errore
328 2043 399 2093 vias:
414 2043 513 2110 nixque
524 2044 582 2109 ipse
592 2045 695 2095 reverti

45 2114 89 2169 nd
99 2114 186 2166 limen
196 2112 301 2179 potuit;
316 2116 395 2162 tanta
406 2116 449 2163 est
460 2110 572 2161 fallacia
582 2114 657 2162 tecti.
735 2131 738 2135 ·

46 2182 112 2245 Quo
122 2186 270 2249 postquam
280 2180 353 2229 tauri
364 2180 502 2246 geminam
512 2181 674 2246 iuvenisque
684 2181 801 2246 figuram

48 2251 170 2312 Clausit,
181 2254 209 2300 et
218 2250 320 2300 Actaeo
330 2248 372 2298 bis
383 2253 492 2314 pastum
503 2249 638 2314 sanguine
648 2253 801 2298 monstrum
824 2254 871 2314 ¹7⁰

47 2320 149 2373 Tertia
158 2332 220 2369 sors
229 2318 308 2367 annis
318 2318 425 2367 domuit
435 2318 554 2381 repetita
564 2317 692 2379 novenis;
730 2329 735 2339 ¹

48 2386 141 2457 vtque
151 2400 204 2452 ope
213 2385 350 2452 virginea,
361 2384 445 2435 nullis
455 2385 557 2435 iterata
566 2387 700 2450 priorum,

49 2458 137 2510 mnus
146 2453 265 2507 difficilis
275 2453 323 2504 iilo
335 2458 377 2504 est
388 2454 500 2503 inventa
510 2453 629 2521 relectoq

49 2525 183 2579 Protinus
192 2521 322 2589 Aegides,
332 2526 411 2586 rapta
422 2521 558 2583 Minoide,
568 2521 643 2572 Dian

50 2593 123 2649 Vela
133 2591 221 2645 dedite
236 2591 421 2656 comitemque
432 2604 510 2640 suam
522 2590 642 2642 crudelis
652 2589 681 2642 in
690 2589 742 2641 illo
825 2586 872 2656 275

51 2662 164 2715 littore
173 2660 306 2712 deseruit.
325 2658 475 2719 Desertae,
486 2662 515 2709 et
524 2658 612 2710 multa
623 2659 759 2726 querenti,
813 2692 817 2699 ·

53 2730 203 2797 amplexus
213 2732 331 2794 etopem
341 2727 426 2778 Liber
435 2726 508 2778 tulit.
530 2727 620 2796 thue
630 2729 744 2794 perenni

52 2798 149 2853 didere
160 2797 237 2850 clara
245 2794 332 2858 iuret,
343 2800 462 2846 sumtam
472 2795 506 2848 de
517 2795 610 2848 fronte
620 2810 751 2847 coronam
804 2832 808 2837 -

51 2865 266 2921 Immisitcoelo.
286 2866 397 2916 Tenues
406 2864 482 2914 volat
492 2865 541 2917 illa
551 2880 601 2933 per
610 2880 705 2917 auras:

54 2936 183 3003 Dumque
192 2932 281 2998 roiam
286 2933 826 3007 gemmaesubitosvertunturiniqncm
837 2931 888 2982 nuc
