1950 3292
135 478 551 539 maramorriiosaor
567 481 647 537 aia.
663 481 734 538 xli.
760 482 817 537 27&

54 584 165 655 Perque
175 587 250 640 istm
259 602 396 639 summum
405 586 502 655 iugulo
513 590 557 639 est
565 592 665 640 exacta
673 587 795 639 sinistro.

10 672 13 743 p
53 656 645 722 Numvideordeberotuipmeoonisrebus

53 723 360 787 Herculis‚oRhodiao
369 725 469 776 ductor
478 724 664 791 pulcherrime
674 722 791 776 classis!
900 774 912 795 Β

54 793 114 846 Nec
123 798 217 844 tamur
228 793 360 854 ulterius,
370 808 451 859 quem
462 792 632 845 forus-ructa
642 792 759 857 siiendo,
826 789 875 862 ⁵75
888 800 900 829 s

55 861 180 914 Viciscsr
191 860 306 912 iratres:
321 861 412 919 solida
421 867 465 913 est
473 860 541 912 mihi
551 864 642 929 gratia
650 868 753 914 terum.

90 930 326 996 Haecpostquom
336 929 410 981 dulci
420 930 536 982 Neleius
544 930 703 993 ediditore3

20 1002 26 1013 '
56 998 691 1064 Asermonesenis,repetitomunoreiiacciii‚

57 1067 212 1123 surrexere
221 1067 305 1117 toris:
320 1081 376 1118 nox
385 1071 429 1118 est
437 1067 505 1117 data
513 1071 627 1118 caetere·
633 1080 740 1118 somno.

89 1138 127 1187 nt
136 1132 215 1187 Deus
224 1149 376 1202 aequoreas
386 1136 434 1201 qui
443 1135 554 1200 cuspide
562 1139 701 1200 temperat
710 1135 808 1199 undas,
825 1131 875 1190 580

57 1205 88 1256 in
98 1204 241 1255 volucrem
252 1218 353 1269 eorpus
362 1204 420 1253 rati
431 1202 608 1255 Stheneleida
618 1218 727 1255 versum

57 1274 154 1324 Mente
163 1270 243 1323 dolet
251 1273 353 1336 patria:
368 1286 537 1338 saevumque
546 1270 661 1336 peiosm
670 1270 807 1335 Achillem

60 1344 179 1393 Exercet
188 1354 337 1401 memores,
347 1340 408 1405 pius
419 1355 501 1406 quam
512 1340 642 1401 civiliter,
652 1341 717 1389 iras.

58 1411 170 1475 iamque
181 1408 241 1460 iere
250 1413 339 1458 tracto
351 1408 405 1458 duo
416 1423 465 1473 per
474 1410 661 1475 quinquennia
669 1408 755 1471 bello,

57 1478 173 1528 Talibus
182 1477 321 1526 intonsum
333 1476 482 1541 compellat
492 1474 635 1527 Sminthea
644 1476 739 1527 dictis:
825 1475 875 1529 ⁵85

58 1548 81 1597 0
93 1544 162 1596 mihi
170 1545 206 1596 de
216 1544 313 1595 fratris
322 1543 405 1610 longo
415 1546 574 1610 gratissima
583 1546 667 1606 natis,

59 1614 196 1679 irritaqui
206 1629 312 1664 mecum
323 1613 439 1678 posuisti
450 1615 559 1664 moenia
568 1614 680 1675 Troiae,

60 1680 181 1749 Ecquid,
191 1687 222 1733 ut
231 1680 280 1732 hos
289 1683 344 1732 iam
355 1683 410 1732 iam
421 1697 532 1733 casuras
543 1682 659 1748 adspicis
671 1688 758 1745 ardes,

61 1749 199 1816 ingemisi
214 1755 263 1800 eut
273 1751 371 1817 ecquid
380 1756 424 1801 tot
433 1750 611 1803 defendentia
620 1765 714 1801 muros
766 1748 769 1755 '
805 1754 810 1769 ¹

61 1819 151 1869 miliia
160 1833 242 1870 caesa
252 1817 348 1868 doiesi
361 1819 474 1883 ecquid,
483 1832 519 1869 ne
529 1834 679 1885 persequar
688 1834 792 1880 onmes,
826 1812 879 1885 Spo'

61 1888 190 1939 Hectoris
200 1887 298 1935 umbra
306 1886 380 1935 subit
390 1887 493 1937 circum
503 1900 553 1936 suu
563 1886 698 1951 Pergama
706 1884 808 1937 troctii

49 2001 51 2005 .
62 1956 127 2005 Cum
137 1961 233 2005 tamen
243 1953 290 2004 iiie
301 1951 394 2013 ferox,
402 1952 533 2019 belloque
543 1954 685 2004 cruentior
694 1954 764 2017 ipso,

62 2022 134 2074 Vivit
142 2022 247 2083 adhue,
258 2023 348 2087 operis
359 2023 445 2072 nostri
457 2021 617 2087 populator,
627 2020 754 2073 Achilles.

62 2093 117 2144 Det
126 2092 192 2142 mihi
203 2106 245 2141 se:
263 2089 342 2151 faxo,
352 2091 454 2156 triplici
464 2090 530 2157 quid
541 2090 652 2155 cuspide
663 2091 774 2155 possim,

62 2160 178 2212 Sentiet.
197 2162 234 2211 At
242 2161 372 2225 quoniam
382 2172 548 2209 concurrere
557 2160 682 2209 cominus
693 2156 766 2207 hosti
827 2156 877 2225 595

63 2228 123 2280 Non
135 2229 231 2289 datur;
246 2227 356 2278 occulta
367 2229 532 2292 necopinum
542 2222 627 2292 perde
636 2227 746 2292 sagitta.
861 2226 864 2230 '

63 2299 178 2350 Annuit:
194 2302 277 2363 atque
286 2297 378 2346 animo
390 2297 494 2361 pariter
504 2300 660 2361 patruoque
670 2307 777 2361 suoque

63 2366 161 2418 Delius
171 2365 329 2431 indulgens,
340 2365 442 2416 nebula
452 2364 560 2415 velatus
570 2363 598 2413 iu
608 2378 707 2430 agmen

63 2435 193 2487 Peruenit
201 2432 482 2499 iliacum,mediaque
492 2432 521 2482 in
531 2432 617 2483 caede
626 2434 750 2482 virorum

64 2505 138 2555 Rara
147 2517 197 2567 per
207 2504 315 2567 ignotos
325 2507 501 2568 spargentem
512 2501 600 2552 cernit
609 2499 726 2551 Achivos
830 2498 879 2550 600

63 2571 135 2623 Telo
143 2570 241 2621 Parin:
257 2568 401 2636 iussusque
412 2570 516 2630 Deum,
526 2566 599 2629 Quid
610 2567 715 2634 spiculo
726 2565 820 2632 perdis

63 2639 204 2705 Sanguine
214 2637 316 2705 plebisi
330 2640 383 2689 ait:
399 2640 423 2689 si
434 2643 540 2704 quaest
549 2636 598 2686 tibi
609 2651 675 2686 cura
685 2642 804 2696 tuorum,

63 2709 183 2764 Vertere
193 2709 220 2756 in
232 2707 382 2766 Aeaciden,
393 2720 540 2772 caesosque
550 2703 684 2754 ulciscere
695 2703 804 2754 iratres.

64 2776 155 2827 Dixitr
172 2781 200 2826 et
211 2775 358 2827 ostendens
367 2780 536 2826 sternentem
547 2774 635 2823 'l'mia
644 2770 721 2823 ferro

64 2846 191 2910 Corpora
201 2843 419 2905 Peliden‚arcus
429 2843 549 2893 obvertit
559 2842 587 2890 in
596 2841 689 2904 iiium3
832 2836 881 2892 605

10 2930 12 3003 p
63 2914 203 2980 Certaque
214 2911 324 2963 letifero
335 2913 437 2962 direxit
446 2910 552 2978 spicula
563 2909 672 2962 dextra.

64 2981 145 3061 Quod
153 2981 281 3033 Priamus
288 2981 413 3048 gaudere
422 2994 511 3036 sorex
522 2979 729 3106 postisiectora
734 2980 847 3045 pomi-

592 3094 595 3098 .
641 3069 662 3103 α
