1950 3292
88 130 102 153 2
143 114 192 173 ree
325 111 356 169 r.
375 111 514 170 evron
535 66 721 168 ursonis
750 158 753 162 Α
822 157 826 163 .

139 217 176 270 0!
192 217 300 285 patriae
310 217 434 286 praelate
444 230 536 280 meae,
545 216 670 283 praelate
680 215 808 284 parentii
831 221 834 226 '
880 228 884 233 ·

83 311 91 344 ι
98 311 129 345 10
139 289 202 351 Qua
213 287 299 356 fugis,
309 285 440 338 immitis!
454 287 531 337 euius
541 288 658 338 viatoria
667 293 794 339 nastrum

130 359 175 410 iit
184 357 275 410 scelus
285 357 504 409 etmeritumest
516 354 574 408 Nec
581 361 609 408 te
615 356 897 419 datanruneraaeete

137 425 242 479 Noster
251 428 338 476 morit
346 439 438 488 amor3
453 439 505 477 nee
515 425 589 493 quod
599 439 662 491 spes
673 426 762 478 omnis
772 427 802 476 in
812 440 896 477 uuum

138 497 180 547 Te
190 509 251 546 πιθα
261 500 394 562 congesta
404 498 455 545 est.
475 493 546 546 Nam
558 509 612 563 quo
623 495 734 548 deserta
744 492 890 547 rerer-tart

137 565 169 615 ln
180 561 316 630 patriam!
331 568 464 630 superata
473 564 553 614 iacet.
575 563 630 615 Sed
640 566 713 632 finge
726 577 854 616 manere:

80 637 128 690 115
138 633 298 685 Proditione
309 647 372 684 mea
381 632 477 684 clausa
487 639 529 684 est
540 631 614 683 mihi.
636 632 728 684 Patris
737 632 773 683 ad
784 630 852 685 orni

63 763 71 771 .
87 752 90 757 ,
137 702 215 764 Quae
225 702 275 752 tibi
287 700 396 753 donari.
418 701 495 754 Cives
507 702 589 754 odere
601 708 766 754 merentem:

136 771 261 822 Finitimi
276 771 433 838 exemplum
444 776 579 822 metuunt
600 772 794 823 Obstruximus
804 771 896 825 orbem

136 841 300 904 Terrarum,
311 842 390 903 nobis
402 846 432 891 ut
443 843 524 893 Crete
534 840 595 892 sola
605 847 723 907 pateret.

89 912 101 949 '-
136 909 199 962 Hae
209 925 320 978 quoque
330 913 354 961 si
366 909 507 976 prohibes,
519 916 547 962 et
558 925 616 970 nos,
627 912 745 978 ingrate,
755 909 898 976 relinquis,

78 997 126 1033 120
136 978 198 1030 Non
209 981 336 1046 genetrix
345 981 460 1045 Europa
470 979 533 1041 tibi,
543 979 592 1030 sed
603 979 742 1044 inhospita
753 977 856 1044 Syrtis,

134 1049 315 1100 Armeniaeve
325 1049 425 1116 tigres,
435 1049 570 1100 hustrore
582 1049 688 1115 agitata
700 1046 865 1112 Charybdis.

135 1116 194 1170 Neo
203 1117 268 1170 lare
279 1121 310 1168 tu
320 1123 414 1168 uatus:
429 1131 482 1168 aee
492 1122 581 1183 mater
590 1118 711 1184 imagine
721 1117 796 1167 tauri

135 1186 229 1239 Dueta
238 1191 353 1239 tuaest:
367 1187 476 1254 generis
487 1185 559 1236 falsa
570 1192 613 1237 est
623 1201 656 1237 ea
667 1183 871 1237 fabularentur

134 1256 172 1306 Et
182 1255 272 1318 serus,
281 1260 312 1308 et
320 1262 416 1322 captus
428 1254 531 1305 nullius
546 1268 641 1305 amore
652 1258 793 1316 iuvencae,

39 1340 49 1357 ‘
77 1324 510 1390 125Quiteprogenuit,taurus
521 1321 582 1372 fuit
601 1323 814 1389 Exigepoenas‚
895 1354 900 1359 -

99 1442 103 1451 ,
134 1393 201 1444 Nise
211 1396 299 1457 pater.
320 1391 447 1443 Gaudete
457 1389 537 1441 maiis
548 1390 631 1442 modo
645 1392 756 1457 prodita
767 1389 872 1443 nostris

50 1503 52 1508 .
134 1459 259 1518 Moenia:
274 1473 337 1510 nam
349 1459 454 1523 fateor,
464 1460 567 1522 merui3
583 1464 613 1517 et
621 1464 683 1510 sum
694 1461 780 1526 digna
789 1461 887 1527 perire.

133 1528 182 1581 Me
191 1532 285 1580 tamen
293 1530 330 1580 *ex
340 1528 397 1579 illis
408 1529 522 1596 aliquis,
533 1543 603 1596 quos
612 1528 696 1595 impia
707 1527 785 1590 laesi,
809 1580 812 1585 ,

134 1597 182 1649 Me
192 1597 319 1663 perimat.
341 1599 410 1660 Cur,
421 1600 468 1666 qui
476 1598 565 1648 uicisti
576 1599 690 1648 crimine
699 1604 805 1659 nostru,

77 1667 125 1720 130
134 1667 290 1734 Insequeris
300 1665 421 1718 crimeni
431 1666 521 1718 scelus
533 1664 586 1716 hoe
591 1668 762 1733 patriaeque,
769 1667 899 1734 patrique

30 1751 34 1763 ’
135 1735 262 1787 Officium
272 1735 322 1786 tibi
333 1736 377 1785 sit.
398 1736 440 1787 Te
452 1749 513 1787 rere
524 1737 641 1801 coniuge
652 1735 737 1802 digna
747 1741 800 1796 est,

125 1805 212 1867 'Quae
223 1809 333 1857 terrum
344 1804 420 1871 ligno
432 1804 542 1869 decepit
552 1803 681 1856 adultera
691 1810 817 1866 taurum3
874 1850 877 1855 ,

134 1872 353 1942 Dieron-demque
363 1879 444 1925 utero
456 1872 562 1925 foetum
571 1874 646 1924 tulit.
657 1873 764 1939 Ecquid
775 1867 899 1924 adauret

133 1942 302 1994 Perveaiunt
313 1957 376 1994 mee
386 1942 460 1994 dieta
469 1939 552 1992 tuasi
567 1956 603 1994 an
615 1943 709 1992 inania
717 1943 793 1992 renti
890 1968 897 1977 -

77 2009 124 2061 135
133 2012 228 2064 Verba
239 2010 344 2071 ierunt,
354 2010 483 2077 idemque
493 2016 570 2072 tuas,
581 2011 689 2077 ingrate
695 2046 703 2073 ,
715 2007 843 2061 carinas?

134 2081 193 2135 laur
202 2079 257 2129 iam
269 2076 423 2144 Pasiphaen
434 2093 489 2129 non
499 2084 543 2131 est
552 2079 679 2130 mirabile
689 2085 802 2130 taurum

134 2148 333 2212 Praeposuisse
343 2147 405 2198 tihi:
422 2153 454 2198 tu
464 2148 527 2214 plus
539 2147 659 2200 feritatis
669 2146 797 2199 habebas.

134 2217 182 2269 Me
192 2215 334 2268 miseram!
350 2231 501 2283 properare
511 2218 601 2268 iurat:
620 2215 783 2281 divulsaque
793 2215 878 2268 remi·

134 2285 312 2338 Vndasouat.
333 2286 444 2338 Mecum
454 2286 538 2339 simul
548 2283 597 2336 ahi
613 2299 675 2336 mea
685 2289 761 2335 terra
769 2286 884 2353 resedit.

78 2357 125 2410 140
135 2354 182 2407 Nii
193 2355 266 2422 agis,
277 2353 305 2405 0!
322 2354 428 2406 frustra
438 2357 600 2406 meritorum
610 2353 695 2405 oblite
705 2367 842 2405 meorum.
874 2398 877 2403 .

134 2425 197 2478 lnse
216 2439 268 2475 aar
282 2424 410 2476 inritum:
427 2426 595 2491 puppimque
605 2421 734 2488 amplexa
744 2436 897 2483 recurvam,

134 2493 188 2546 Per
198 2439 271 2546 deta
280 2492 366 2561 longa
376 2491 480 2545 trahar.
496 2493 551 2547 Vix
562 2492 683 2551 dixerat;
698 2491 787 2543 insilit
796 2491 885 2543 undas

136 2563 376 2632 consequiturque
386 2567 476 2625 rates,
488 2560 607 2612 iaciente
615 2558 751 2625 Cupidine
761 2562 843 2622 vires,

124 2631 343 2708 Gnosiacaeque
354 2631 456 2693 haeret
465 2628 833 2690 eomesimidromeunme.
