1950 3292
67 461 491 517 METAMORPHOSEON
508 464 587 518 ΗΒ.
606 469 644 520 ll.
702 468 737 524 ⁴3

56 566 111 630 iar,
121 567 271 619 obscurum
280 568 334 620 nisi
344 580 400 621 nox
410 582 473 621 curn
484 567 584 623 fecerit
593 572 697 637 orbem,

57 636 232 688 rhonoratas
243 652 364 701 summo,
374 654 438 690 mea
447 638 576 702 vulnera,
588 641 668 693 coelo
746 644 798 698 51⁵

57 707 109 758 itis
120 707 218 757 stellas
228 706 301 769 illio,
311 708 357 758 ubi
368 707 489 759 circulus
500 724 581 761 axem

57 790 97 826 rus
109 781 277 838 extremum,
289 778 433 843 spatioque
445 778 632 841 brevissimus,
643 778 736 831 ambit.

57 858 114 906 ero,
124 858 175 895 our
185 847 245 910 quis
255 846 388 896 lunonem
399 845 510 896 laedere
520 847 600 908 nolit,

57 927 172 979 sausque
182 916 298 975 tremat3
315 928 384 980 quae
395 915 497 980 prosim
508 913 568 973 solu
579 914 724 968 nocendot

57 997 98 1050 sgo
110 987 243 1047 quantum
255 981 311 1049 egil
326 996 408 1050 quarn
417 988 495 1085 vute
504 987 630 1051 potentia
640 991 736 1037 nostra
745 993 796 1048 520

389 1056 444 1103 est.

57 1117 192 1171 bominem
205 1123 293 1170 vetui:
306 1118 381 1171 facts
391 1121 506 1172 estDea.
518 1120 564 1173 Sio
574 1136 626 1189 ego
632 1136 735 1188 poenas

57 1189 106 1239 bus
115 1189 241 1253 impono:
258 1191 297 1238 sio
308 1194 422 1241 estmea
432 1194 534 1256 magn!
541 1197 673 1256 potestas.

57 1262 105 1309 oet
115 1258 257 1325 antiquam
268 1257 381 1321 faciem,
391 1258 542 1326 vultusque
553 1258 657 1311 ferinos

57 1323 126 1389 sluat3
141 1327 271 1395 Argolica
281 1328 354 1394 quod
365 1334 394 1378 et
403 1333 468 1379 onte
478 1327 635 1380 Phoronide
646 1327 721 1381 fecit.

59 1408 96 1445 ou
106 1400 136 1446 et
144 1395 224 1461 pulsa
234 1396 319 1446 ducat
328 1398 573 1464 lunone‚1neoque
746 1395 796 1450 525

57 1465 138 1515 setin
149 1463 282 1526 thalamo,
294 1472 476 1531 socerumque
484 1466 618 1531 Lycaona
627 1463 737 1519 sumat!

57 1534 100 1583 ssi
112 1530 205 1585 laesae
214 1538 372 1584 contemtus
382 1534 474 1599 tangit
484 1533 622 1595 alumnae,
720 1592 727 1601 ἱ

57 1603 93 1653 ite
104 1603 232 1653 caeruleo
242 1608 349 1669 septem
360 1600 505 1668 prohibete
515 1602 649 1653 Triones:

56 1672 256 1736 aqueinooelo
268 1673 356 1737 stupri
367 1671 618 1737 mercederecepta
840 1724 847 1745 1

57 1755 87 1793 e:
103 1756 138 1790 ne
148 1755 218 1807 puro
228 1742 353 1807 tingatur
362 1743 390 1790 iu
401 1753 521 1808 aequore
532 1740 633 1807 pellex.
746 1734 796 1796 ,5ὄὸ

57 1810 142 1861 meris
152 1815 315 1860 annuerant.
335 1810 430 1861 Habili
441 1809 572 1860 Saturnis
581 1824 668 1860 curru

57 1878 134 1929 ditur
143 1878 278 1944 liquidum
290 1879 441 1942 pavonibus
451 1881 516 1928 a'era
526 1878 618 1942 pietier

57 1946 233 2013 superpictis
244 1961 325 1997 caeso
337 1946 490 2011 pavonibus
500 1945 583 2012 Argo,

57 2032 63 2066 ι
73 2021 105 2066 tu
115 2030 288 2081 superaras,
300 2030 360 2066 curn
372 2015 507 2066 eendldus
518 2019 583 2065 ante
593 2010 703 2075 fuisses,

57 2085 102 2137 elo
123 2099 190 2147 uax,
201 2085 293 2135 subito
305 2086 446 2151 nigrantes
455 2098 551 2136 versus
560 2084 589 2133 in
600 2080 669 2134 eles.
747 2080 798 2140 535

57 2151 110 2203 tuit
138 2167 187 2204 aee
197 2153 336 2221 quondam
347 2155 433 2204 niveis
444 2157 578 2219 argentea
587 2149 685 2217 pennis

62 2226 96 2272 ut
106 2224 240 2288 aequaret
248 2227 325 2272 totas
335 2224 395 2272 sine
405 2221 467 2272 labe
477 2221 632 2271 columbos:

58 2293 197 2341 emturis
206 2291 283 2358 vigili
296 2291 431 2356 Capitolia
439 2304 508 2340 vooe

57 2363 94 2410 ret
104 2360 259 2423 anseribus,
271 2368 321 2410 ue'c
331 2360 435 2410 amanti
445 2357 560 2410 flumina
571 2372 667 2425 cyeno.

57 2443 85 2479 re
94 2426 150 2478 fuit
160 2429 273 2479 damno:
287 2429 382 2495 lingue
393 2427 511 2480 faciente
521 2428 649 2494 loquaci·
747 2428 796 2482 540

57 2497 116 2548 olor
126 2497 206 2548 albus
216 2502 289 2556 erat,
301 2513 373 2548 nuno
383 2502 427 2548 est
436 2498 592 2547 contrarius
603 2494 675 2546 albo.

58 2568 103 2618 ior
111 2567 140 2616 iu
150 2571 222 2628 tote,
233 2581 313 2632 quarn
324 2567 472 2617 Larissaea
482 2566 607 2626 Coronis,
663 2592 666 2597 ·

57 2634 275 2687 isitllaemonia.
296 2635 407 2686 Placuit
415 2635 478 2697 tibi,
493 2632 640 2698 Delphice,
652 2635 738 2694 certe,

58 2704 106 2756 vel
116 2710 192 2755 ousta
202 2703 268 2767 fuit,
279 2704 324 2756 rel
333 2704 518 2755 inobservata.
537 2702 593 2754 Sed
603 2700 662 2753 ales

57 2778 71 2825 t
82 2773 250 2824 adulterium
261 2772 428 2826 Phoebeiusr
444 2777 530 2839 utque
541 2771 676 2822 latentem
748 2768 797 2822 545

57 2848 130 2911 geret
139 2842 247 2907 eulpam
258 2856 314 2893 non
325 2840 473 2893 exorabilis
483 2840 578 2904 index,

57 2912 169 2964 »minum
181 2912 389 2965 tendebatiter:
405 2927 490 2983 quern
502 2908 725 2985 garrulumobis

57 2981 270 3067 emptoris,
280 2982 405 3041 evitem
414 2993 452 3043 ut
461 2989 582 3058 omnio,
593 2982 711 3042 eomu-
