1950 3292
146 120 711 176 MET;lMOR1'lIOSEONLlB.V
780 127 826 178 137

57 224 109 278 h'ec
120 239 223 287 nrora3
238 226 325 275 traxit
335 227 411 292 Ityn:
430 226 514 278 veluti
526 228 680 296 Gangetica
690 245 786 282 cervae

56 294 228 349 lactentem
240 292 344 346 foetum
356 309 406 361 per
415 296 498 348 silvae
508 299 589 365 tigria
599 313 709 365 opacae.

56 362 148 433 leque
158 364 264 415 domus
274 362 350 415 altae
361 370 469 432 partem
479 364 595 419 tenuere
605 372 758 430 remotam

57 432 292 502 Tendentemque
302 448 415 498 manus,
426 436 518 487 etiam
527 452 580 489 sua
590 436 649 489 fata
657 436 806 499 videntem,

58 504 91 557 ut
99 509 215 566 mater,
226 508 331 565 mater,
342 504 520 569 clamantem,
531 512 561 559 et
569 506 643 559 eolla
671 511 794 559 etentem
839 506 889 559 640

59 574 131 627 Euae
143 573 214 625 l'erit
224 572 344 636 Procne,
355 573 439 625 lateri
449 590 503 642 qua
512 581 608 642 pectus
619 521 761 628 adhaeret.

59 643 116 697 Nee
125 643 241 694 vultum
252 644 361 694 avertit
383 642 456 694 Satis
466 645 508 695 illi
519 645 555 697 ad
565 645 624 696 sata
632 643 677 701 rel
687 658 774 696 unum

58 712 173 767 Vulnus
184 718 260 764 erat:
275 712 403 780 iugulum
414 712 489 764 ferro
500 713 655 765 Philomela
663 710 787 765 resolvit.

28 784 37 829 l
61 781 188 851 Vivaque
203 779 308 845 adhue,
322 784 486 857 animaeque
500 783 607 850 aliquid
621 784 773 835 retinentia

10 867 36 901 nr
346 856 350 862 “
483 854 608 904 membra

10 938 22 969 a
60 920 218 975 Dilaniant.
238 919 307 971 Pars
317 920 381 972 inde
392 921 465 972 oanis
476 921 599 973 exsultat
608 917 700 971 ainis:
840 921 889 976 645

62 991 131 1042 Pars
142 988 265 1042 verubus
274 990 386 1042 stridet:
401 996 516 1043 manant
526 991 682 1057 penetralia
692 991 766 1043 taba.

60 1060 113 1112 llis
124 1058 243 1111 adhibet
254 1060 354 1110 eonius
364 1061 490 1127 ignarum
500 1061 592 1115 Terea
602 1062 718 1113 mensis:

29 1134 46 1183 τ’.
60 1130 96 1180 Et
104 1130 194 1196 patrii
204 1128 292 1180 moris
302 1143 412 1180 eaerum
423 1130 552 1191 mentita,
563 1130 636 1197 quod
648 1132 698 1181 uni

29 1192 31 1205 '
60 1199 117 1251 Fae
128 1201 167 1249 sit
176 1198 257 1250 adire
266 1198 341 1260 viro,
352 1198 468 1250 comites
479 1197 653 1265 famulosque
664 1200 790 1250 removit.

28 1290 32 1297 ·
61 1271 125 1336 lpse
136 1266 240 1320 sedens
248 1266 320 1319 solio
331 1269 439 1320 Tereus
449 1266 574 1319 sublimis
585 1269 660 1318 avito
842 1267 892 1320 660

61 1338 210 1392 Vescitur:
225 1338 310 1407 inque
320 1352 399 1388 suam
409 1352 461 1388 sua
469 1338 575 1389 viscera
586 1338 713 1404 congerit
722 1336 825 1389 alvum.

62 1409 213 1475 Tantaque
223 1420 280 1459 uox
290 1409 375 1459 animi
385 1411 440 1470 est,
450 1408 513 1474 ltyn
524 1405 578 1458 hue
589 1409 734 1471 arcessite,
744 1407 825 1459 dixit

62 1475 357 1545 Dissimularenequit
366 1476 491 1528 crudelia
500 1477 604 1544 gaudia
613 1476 733 1528 Procne:

10 1572 16 1595 r.
62 1548 179 1614 lamque
189 1560 258 1599 auae
268 1547 382 1613 cupiens
394 1546 527 1597 exsistere
537 1546 637 1595 nuntia
647 1545 747 1606 cladia3

62 1617 141 1667 latus
150 1612 337 1684 hahes‚quod
347 1616 450 1682 poscis,
460 1615 507 1665 ait.
527 1614 718 1681 Circumspicit
727 1612 786 1673 ille,
842 1611 891 1665 655

10 1706 15 1734 ι
61 1680 831 1754 Atqueubisitquaerit.Quaerenthiterumquevocanti,

63 1752 144 1807 Siout
153 1760 217 1807 erat
225 1756 329 1821 sparsis
339 1754 435 1806 furiali
446 1752 529 1805 caede
538 1751 659 1818 capillis,

64 1824 204 1876 Prosiliit:
218 1824 352 1892 Ityosque
363 1827 447 1890 caput
456 1820 614 1873 Philomela
623 1825 768 1873 cruentum

65 1894 144 1945 hliait
152 1895 185 1944 in
195 1908 247 1945 ora
256 1895 342 1960 patri:
358 1909 409 1944 nec
420 1897 545 1956 ternpore
557 1889 656 1940 maluit
666 1889 726 1943 ullo

66 1962 151 2017 Posse
161 1964 254 2032 loqui,
265 1967 294 2015 et
303 1963 409 2014 meritis
420 1961 518 2014 testari
527 1958 631 2028 gaudia
639 1958 729 2010 dietis.
844 1953 892 2007 660

67 2032 207 2087 Thracius
216 2033 324 2100 ingenti
335 2046 444 2083 mensas
454 2030 578 2083 clamore
588 2028 709 2096 repellit,

13 2124 18 2153 ;
67 2094 258 2169 vipereasque
269 2103 324 2152 ciet
334 2099 434 2167 Stygia
444 2100 478 2151 de
488 2099 561 2151 valle
570 2113 694 2151 sorores:

67 2172 103 2223 Et
110 2171 210 2234 modo,
220 2172 245 2221 si
256 2171 357 2237 possit,
367 2173 492 2221 reserato
502 2173 615 2235 pectore
626 2167 702 2219 diras

68 2242 191 2309 ligerem
200 2233 376 2307 inde'dapes,
387 2239 567 2305 demersaque
578 2238 684 2288 viscera
694 2237 791 2303 gestit:
882 2300 891 2310 .

68 2310 130 2363 Flet
138 2310 239 2373 modo,
250 2324 335 2379 seque
344 2313 428 2360 vocat
436 2310 548 2359 bustum
558 2307 716 2358 miserabile
727 2307 798 2356 nati:
844 2301 893 2353 660

10 2392 20 2435 l.
34 2390 41 2458 ἰ
71 2378 147 2501 ἔξω
157 2380 287 2501 0000οὲῒὲ
297 2378 373 2499 mado
384 2378 494 2461 genitas
503 2374 657 2513 gangioqep
657 2374 751 2495 {1⁰31st

36 2462 39 2467 ·
106 2464 195 2518 spor-a
238 2486 244 2497 .
276 2462 321 2515 om
342 2461 498 2514 umpennm
526 2461 561 2499 en
581 2461 612 2497 er
757 2456 765 2503 3

13 2521 21 2568 l
73 2517 351 2585 Pendebautqenhis.
371 2519 496 2581 Quarum
507 2516 578 2637 qetit
589 2514 679 2566 altera
688 2512 785 2562 silvas:

36 2636 39 2641 .
75 2586 346 2647 literateetaaubit.
367 2586 463 2655 Neque
473 2585 507 2637 ad
528 2600 564 2637 ue
574 2578 841 2653 deportaremus

73 2656 328 2739 &metanoeam
341 2656 510 2729 signataque
518 2657 664 2732 sanguina
673 2652 781 2729 qluma
788 2654 844 2719 tal-
864 2647 920 2714 llll*
967 2651 970 2657 ’
