1950 3292
153 105 566 159 affirmatoalniasi-on
586 111 661 159 hill.
682 113 731 161 ll'.
785 116 818 160 bil

67 213 180 271 Persea,
193 224 273 274 quem
285 210 375 273 plnrio
388 210 481 260 Danai*
493 220 655 276 roriceperat
667 228 742 260 anrn.
831 211 869 262 on

64 281 133 331 blox
144 285 239 328 tamen
250 279 395 340 Acrisium3
411 286 487 329 trinta
497 286 538 329 est
548 284 706 345 praesentia
714 282 785 341 reri3

65 349 135 399 Tam
145 346 265 409 violasse
275 345 378 406 Deum,
390 362 468 412 quarn
476 363 662 414 nonagnusse
674 353 811 413 nepotem,
890 342 897 365 ⁸

66 415 204 467 Poenitet.
223 413 371 478 Impositos
383 415 436 464 iam
448 417 524 466 coelo
535 424 578 467 est
586 418 717 468 alternat
728 416 799 468 alter

65 483 178 549 Viperei
187 481 313 532 referens
324 483 441 546 spolium
453 486 630 538 memorabile
642 487 756 534 monstri

10 612 12 621 Ι
65 553 137 603 nera
147 551 282 615 carpebat
292 556 417 600 tenerum
426 553 604 603 stridentibus
616 555 674 604 alis.
830 556 878 607 om

66 620 187 687 Cumque
197 633 282 684 super
291 618 409 683 Libycas
420 621 506 670 vietor
517 621 647 686 penderet
657 637 770 682 arenas3

10 706 14 721 ·
66 687 207 754 Gorgonei
219 688 315 751 eapitis
326 693 422 753 guttae
433 690 555 739 cecidere
565 696 708 740 cruentae:

65 757 140 817 Quas
150 754 250 806 humus
261 761 389 820 exceptas
400 757 490 806 varios
501 755 630 806 animarit
639 760 668 806 in
679 773 795 822 ungues3

63 825 144 877 Vnde
155 823 285 890 frequens
296 824 345 882 illa
355 830 397 874 est
406 824 560 892 infestaque
570 832 645 876 terra
656 826 783 891 cpluhris.
839 862 848 877 1

98 893 167 943 inde
178 907 227 958 per
238 893 401 942 immensum
413 895 501 944 centis
512 893 682 945 discordibus
692 901 770 944 actus
807 916 817 923 ··
830 897 878 947 620

64 960 145 1013 Nune
155 959 221 1021 huc,
231 976 304 1010 nunc
314 961 394 1023 illuc,
405 962 531 1027 erernplo
543 964 621 1013 nubis
632 978 759 1029 aquosae,

64 1030 181 1090 Fertur3
197 1032 270 1083 etex
280 1028 337 1079 alto
348 1031 474 1080 seductas
485 1031 596 1081 aethere
607 1032 688 1097 longe
723 1067 732 1075 .

66 1098 220 1163 Despectat
228 1102 332 1159 terrss3
347 1103 491 1164 totumque
502 1100 659 1163 supervolat
670 1100 772 1149 orbem.

18 1204 22 1209 .
67 1167 124 1216 Ter
133 1165 241 1233 gelidas
251 1169 362 1226 Arctos,
370 1170 416 1215 ter
426 1167 523 1215 Caerosi
533 1166 646 1216 brachia
656 1168 735 1216 vidit:

66 1233 353 1299 arcesseremusne,
364 1248 445 1298 saepe
457 1239 498 1284 est
508 1233 617 1284 ablatus
627 1237 656 1283 in
668 1240 754 1284 ortus.
832 1238 879 1291 om

65 1303 178 1368 lamque
189 1302 304 1353 cadente
310 1302 357 1353 die
368 1305 472 1352 veritus
483 1318 512 1353 se
524 1303 636 1354 credere
646 1305 720 1353 noeti

10 1406 17 1425 .
66 1371 201 1421 Constitit
210 1371 359 1434 Hesperio,
369 1374 460 1437 regnis
470 1371 600 1433 Atlantis,
611 1374 637 1420 in
648 1373 728 1433 orbe;

64 1439 256 1504 Exiguumque
266 1441 336 1503 petit
346 1443 482 1503 requiem,
495 1440 559 1490 dum
570 1440 682 1491 Lucifer
692 1442 770 1507 ignes

65 1508 172 1558 Evocat
181 1510 317 1568 Aurorae,
329 1522 426 1556 currus
437 1509 546 1558 Aurora
556 1508 677 1556 diurnos.

38 1627 47 1637 „
64 1576 120 1629 Hie
130 1574 271 1625 hominum
282 1581 396 1625 cunctos
406 1576 512 1640 ingenti
523 1588 637 1639 corpore
648 1578 791 1639 praestans
832 1575 881 1626 650
896 1600 900 1605 ·

64 1644 253 1710 Iapetionides
263 1642 340 1695 Atlas
350 1642 409 1693 fuit.
431 1643 533 1693 Vltima
543 1643 627 1703 tellus

66 1710 143 1779 Rege
152 1713 203 1763 sub
214 1711 278 1779 hoe,
289 1717 317 1762 et
327 1718 428 1777 pontus
439 1718 513 1772 erat,
525 1713 570 1777 qui
583 1710 656 1761 Solis
668 1707 774 1760 anhelis

66 1785 197 1847 Aequora
206 1781 299 1831 subdit
308 1782 399 1847 equis,
410 1785 438 1829 et
449 1779 535 1830 sessos
546 1781 647 1843 excipit
657 1793 733 1828 axes.

66 1850 148 1901 Mille
158 1864 257 1924 greges
266 1848 320 1910 illi,
331 1849 503 1913 totidemque
514 1854 637 1898 armenta
646 1860 697 1912 per
707 1843 806 1897 herbas

66 1918 220 1970 Errabant:
236 1923 266 1968 et
275 1917 387 1967 humum
397 1917 497 1967 ricinia
506 1915 583 1966 nulla
594 1914 762 1981 premebant.
832 1911 881 1966 635

67 1988 208 2039 Arboreae
219 1985 343 2046 frondes,
355 2001 422 2036 auro
433 1985 559 2035 radiante
569 1985 703 2047 virentes,

68 2057 109 2106 Ex
119 2070 190 2106 auro
201 2070 304 2116 ramos,
315 2069 348 2106 ex
360 2069 426 2104 auru
438 2069 518 2119 poma
528 2054 670 2120 tegebant.

68 2125 179 2190 Hospes
185 2159 194 2185 ,
204 2124 243 2173 ait
253 2123 368 2174 Perseus
377 2123 433 2183 illi,
444 2137 492 2173 seu
502 2121 591 2189 gloria
601 2128 691 2187 tangit

69 2194 110 2244 Te
119 2193 232 2260 generis
243 2192 347 2260 magni:
364 2191 471 2256 generis
481 2189 546 2241 mihi
557 2191 662 2256 Iupiter
672 2193 780 2240 auctor:

70 2261 132 2312 Sive
144 2276 174 2312 es
184 2260 414 2317 miratorrerum:
432 2261 566 2311 mirabere
576 2265 695 2310 nostras.
834 2255 884 2308 640

69 2331 243 2395 Hospitium,
253 2326 428 2395 requiemque
435 2335 508 2393 peto.
523 2329 632 2379 Memor
641 2327 690 2377 ille
700 2331 826 2377 vetustae

69 2398 159 2451 Sertis
171 2404 243 2451 erat:
254 2397 367 2449 Themis
377 2396 448 2447 hano
453 2397 567 2448 dederat
572 2396 825 2454 Parnasiasortem3

68 2470 205 2535 Tempus,
214 2466 291 2528 aaa,
301 2467 405 2526 reniet,
414 2470 463 2516 tua
473 2480 527 2530 quo
538 2464 702 2531 spoliabitur
711 2476 780 2512 auro

69 2539 170 2589 Arbore
183 2542 213 2588 et
222 2533 295 2585 hunc
304 2534 422 2599 praedae
432 2534 542 2583 titulum
548 2536 611 2584 lore
618 2530 824 2587 natushabebit,

68 2607 98 2659 hl
110 2612 253 2666 metuens,
264 2602 358 2655 solidis
369 2604 492 2668 pomaria
503 2602 641 2653 clauserat
650 2598 729 2651 Atlas
834 2592 883 2646 aie
