1950 3292
181 142 216 196 ιο
364 137 395 192 r.
414 132 760 202 ovrouunsonrs
784 111 812 183 ’.

216 247 295 311 Quae
304 247 426 319 poterut
435 240 621 296 summavldit
631 238 778 294 Saturnius
788 255 865 305 arom

179 316 310 384 ingemit:
326 319 367 377 et,
378 313 452 364 lacto
462 311 585 362 nondum
593 311 708 380 uulgata
718 312 847 374 recenti„
930 354 932 359 ,

124 382 172 437 265
180 383 277 438 Foeda
286 383 445 450 Lycaoniae
454 379 580 432 referens
589 380 713 432 convivia
722 392 845 444 mensae,

180 455 311 520 Ingentes
322 451 413 503 animo
424 455 453 501 et
461 444 559 517 dignas
568 450 632 501 lore
641 450 761 516 concipit
769 450 841 514 irac3

183 521 336 573 Concilium
356 534 391 572 ue
401 523 490 570 vocat.
508 519 613 570 Tenuit
622 532 700 569 mora
710 517 788 569 nulla
797 521 918 573 vocator.

54 564 168 636 [Μαι
182 591 234 641 Est
241 591 288 640 ria
296 535 435 651 euffiimls,
446 587 525 648 coelo
535 587 682 639 manifesta
692 594 803 639 sereno:

54 656 288 714 kmfihactea
298 671 399 709 nomen
408 656 505 721 habet3
518 656 639 708 candore
649 656 780 708 notabilis
789 658 859 723 ipso.
872 709 875 714 ,

82 714 97 739 ¹
124 744 174 799 17⁰
182 726 245 778 Hac
253 727 308 777 lter
318 731 361 778 est
371 724 483 792 Superis
494 725 531 777 ud
540 726 631 793 magni
641 729 717 784 tecta
726 726 873 786 Tonantis,

180 794 368 862 Regalemque
378 794 498 847 domum.
518 794 627 863 Dextra
636 795 769 861 laevaque
779 794 904 846 Deorum

181 865 263 917 Atria
272 864 407 919 nobilium
416 863 502 914 valvis
514 862 690 914 celebrantur
700 864 812 929 apertis.

182 931 264 984 Plebs
274 930 402 982 habitant
412 932 521 984 diversa
531 930 613 982 locis:
630 930 748 983 afronte
758 935 886 998 potentes
930 980 940 988 ,

182 999 354 1064 Coelicoloe,
364 1000 488 1068 clarique
499 1015 564 1051 suos
574 1014 692 1066 posuere
706 1006 829 1066 penates.

123 1069 174 1135 175
182 1070 237 1121 llic
245 1069 324 1120 locus
333 1075 389 1134 est,
399 1085 480 1136 quem
486 1106 494 1133 ,
505 1071 528 1120 si
537 1069 629 1121 verbis
640 1069 757 1135 audacia
766 1069 857 1133 detur,

136 1174 160 1191 r
181 1137 266 1190 Haud
275 1140 389 1190 timeam
399 1139 492 1206 magni
503 1140 605 1191 dixisse
616 1137 724 1189 Palatia
735 1139 814 1190 coeli.

181 1207 222 1257 Er
267 1207 314 1259 ubi
324 1222 482 1259 marmoreo
492 1200 592 1273 Superi
602 1207 699 1257 sedere
710 1221 830 1270 recessu,

184 1220 292 1325 Ceffior
300 1278 360 1342 ipse
372 1276 448 1337 loco,
459 1285 625 1341 sceptroque
635 1274 745 1325 innixus
754 1277 869 1337 eburno,

184 1343 348 1393 Terrillcam
359 1344 457 1408 capitis
467 1345 608 1393 concussit
617 1347 714 1409 terque
725 1350 878 1413 quaterque

124 1415 174 1470 280
184 1411 355 1471 Caesarium,
370 1425 432 1460 cum
443 1424 498 1477 qua
507 1416 625 1473 terram,
636 1425 724 1475 marc,
735 1413 840 1476 uidere,
850 1412 942 1465 nrovio

151 1504 159 1515 «
182 1478 298 1530 '1¹alibus
307 1477 371 1530 inde
382 1478 470 1529 modis
482 1494 532 1531 ora
541 1479 714 1548 indignantia
723 1481 818 1531 solvit:

181 1544 243 1597 Non
255 1559 306 1614 ego
317 1561 367 1613 pro
378 1547 473 1598 mundi
483 1563 569 1615 regno
579 1550 666 1616 magis
678 1552 776 1601 anxius
785 1549 837 1600 illa

183 1616 361 1681 Tempestate
372 1615 425 1678 fui,
436 1631 491 1684 qua
501 1623 612 1668 centum
624 1618 684 1685 quis
704 1634 738 1669 ue
748 1618 886 1684 parabant
931 1633 939 1640 ‘

111 1722 115 1727 -
182 1684 300 1736 lniicere
311 1684 496 1750 anguipedum
507 1686 614 1804 captivo
626 1633 740 1743 baalia
749 1686 837 1738 coelo.

95 1790 98 1796 -
126 1753 174 1809 185
182 1750 445 1820 Nam,quamquam
455 1751 532 1805 ierus
563 1755 630 1805 ostis
641 1769 715 1819 erat,
726 1765 821 1807 tamen
831 1755 901 1808 illud

597 1825 631 1874 ab
642 1839 699 1875 uno
915 1830 918 1835 '

87 1928 89 1933 .
184 1889 361 1956 Corpore‚ct
370 1905 404 1943 ex
414 1891 617 1958 unapendcbat
627 1894 734 1960 origine
744 1893 858 1960 bellum.

182 1957 262 2011 Nunc
272 1957 355 2021 mihi,
365 1974 420 2026 qua
431 1965 520 2011 totum
530 1960 637 2013 Nereus
647 1964 831 2013 circumtonat
841 1962 943 2026 orbem,

183 2026 359 2080 Perdendum
370 2028 490 2078 mortale
500 2043 596 2095 genus.
617 2030 670 2082 Per
680 2029 795 2087 flumina
804 2033 866 2083 iuro

182 2094 289 2158 infera,
299 2095 350 2146 cub
361 2099 450 2147 terras
462 2094 561 2164 Stygio
572 2096 695 2150 labentia
704 2098 777 2163 luco,

129 2164 508 2284 ellliitllliltllli
523 2164 894 2289 lllmltllzdll

603 2252 663 2288 mcc
679 2252 696 2287 a
835 2273 842 2286 .

186 2298 330 2351 Suntmihi
337 2269 467 2365 Semidci,
478 2249 653 2356 cugtructica
662 2307 784 2368 numina,
793 2302 943 2372 Nymphae

185 2368 343 2436 Faunique,
353 2366 517 2438 Satyrique,
528 2375 558 2423 et
568 2372 735 2441 monticolae
746 2372 864 2425 Silvani:

98 2500 102 2507 ἱ
186 2438 263 2499 Quos
273 2439 403 2504 quoniam
413 2440 484 2491 coeli
494 2441 617 2491 nondum
628 2442 775 2509 dignamur
785 2440 900 2507 honore,

62 2505 67 2510 “
130 2505 878 2576 :ps'quaadedimus,certeterrashabitarcuinamua.

175 2575 221 2620 An
231 2575 312 2635 satis,
325 2574 358 2626 o!
369 2573 409 2627 Su
430 2578 483 2643 cri,
493 2581 572 2630 tutos
580 2577 853 2642 iore-creditiailloa,

165 2637 237 2689 Cum
244 2640 332 2712 crini,
342 2648 394 2716 qm·
404 2591 527 2722 fulmen,
537 2650 591 2724 qui
598 2646 943 2717 vmnuucouuegreuouu

322 2739 340 2776 ,t
