<?xml version="1.0" encoding="UTF-8"?>
<!DOCTYPE html PUBLIC "-//W3C//DTD XHTML 1.0 Transitional//EN"
    "http://www.w3.org/TR/xhtml1/DTD/xhtml1-transitional.dtd">
<html xmlns="http://www.w3.org/1999/xhtml" xml:lang="en" lang="en">
 <head>
  <title>
</title>
<meta http-equiv="Content-Type" content="text/html;charset=utf-8" />
  <meta name='ocr-system' content='tesseract 3.04.00' />
  <meta name='ocr-capabilities' content='ocr_page ocr_carea ocr_par ocr_line ocrx_word'/>
</head>
<body>
  <div class='ocr_page' id='page_1' title='image "./povidiinasonisq02ovidgoog_0181.png"; bbox 0 0 1950 3292; ppageno 0'>
   <div class='ocr_carea' id='block_1_1' title="bbox 308 39 885 111">
    <p class='ocr_par' dir='ltr' id='par_1_1' title="bbox 308 39 885 111">
     <span class='ocr_line' id='line_1_1' title="bbox 308 39 885 111; baseline -0.002 -18"><span class='ocrx_word' id='word_1_1' title='bbox 308 42 357 94; x_wconf 83' lang='lat' dir='ltr'><strong>ree</strong></span> <span class='ocrx_word' id='word_1_2' title='bbox 402 101 405 105; x_wconf 55' lang='grc'><em>,</em></span> <span class='ocrx_word' id='word_1_3' title='bbox 490 40 520 111; x_wconf 71' lang='grc' dir='ltr'><strong>Ρ,</strong></span> <span class='ocrx_word' id='word_1_4' title='bbox 538 40 681 94; x_wconf 85' lang='lat' dir='ltr'><strong>evron</strong></span> <span class='ocrx_word' id='word_1_5' title='bbox 703 39 885 93; x_wconf 74' lang='lat' dir='ltr'><strong>ursonis</strong></span> 
     </span>
    </p>
   </div>
   <div class='ocr_carea' id='block_1_2' title="bbox 262 141 950 1242">
    <p class='ocr_par' dir='ltr' id='par_1_2' title="bbox 262 141 949 485">
     <span class='ocr_line' id='line_1_2' title="bbox 262 141 949 212; baseline 0 -16"><span class='ocrx_word' id='word_1_6' title='bbox 262 146 295 197; x_wconf 81' lang='lat'><strong>40</strong></span> <span class='ocrx_word' id='word_1_7' title='bbox 306 144 443 197; x_wconf 81' lang='lat' dir='ltr'>Turribus</span> <span class='ocrx_word' id='word_1_8' title='bbox 452 158 469 196; x_wconf 86' lang='lat' dir='ltr'><strong>e</strong></span> <span class='ocrx_word' id='word_1_9' title='bbox 478 145 592 195; x_wconf 81' lang='lat' dir='ltr'><strong>suurmis</strong></span> <span class='ocrx_word' id='word_1_10' title='bbox 601 143 630 193; x_wconf 92' lang='lat' dir='ltr'><strong>in</strong></span> <span class='ocrx_word' id='word_1_11' title='bbox 640 141 746 195; x_wconf 78' lang='lat' dir='ltr'><strong>Gnosia</strong></span> <span class='ocrx_word' id='word_1_12' title='bbox 755 143 868 196; x_wconf 85' lang='lat' dir='ltr'><strong>mittere</strong></span> <span class='ocrx_word' id='word_1_13' title='bbox 877 156 949 212; x_wconf 80' lang='lat' dir='ltr'><strong>corp</strong></span> 
     </span>
     <span class='ocr_line' id='line_1_3' title="bbox 306 210 949 279; baseline -0.003 -15"><span class='ocrx_word' id='word_1_14' title='bbox 306 214 418 276; x_wconf 81' lang='lat' dir='ltr'><strong>Castra3</strong></span> <span class='ocrx_word' id='word_1_15' title='bbox 431 211 476 263; x_wconf 81' lang='lat' dir='ltr'><strong>vel</strong></span> <span class='ocrx_word' id='word_1_16' title='bbox 486 217 598 269; x_wconf 77' lang='lat' dir='ltr'><strong>acratas</strong></span> <span class='ocrx_word' id='word_1_17' title='bbox 605 210 677 262; x_wconf 83' lang='lat' dir='ltr'><strong>hosti</strong></span> <span class='ocrx_word' id='word_1_18' title='bbox 688 212 833 264; x_wconf 77' lang='lat' dir='ltr'><strong>recludere</strong></span> <span class='ocrx_word' id='word_1_19' title='bbox 844 219 949 279; x_wconf 82' lang='lat' dir='ltr'><strong>portas:</strong></span> 
     </span>
     <span class='ocr_line' id='line_1_4' title="bbox 306 279 949 350; baseline -0.002 -16"><span class='ocrx_word' id='word_1_20' title='bbox 306 282 361 334; x_wconf 90' lang='lat' dir='ltr'><strong>Vel</strong></span> <span class='ocrx_word' id='word_1_21' title='bbox 371 284 394 331; x_wconf 90' lang='lat' dir='ltr'><strong>si</strong></span> <span class='ocrx_word' id='word_1_22' title='bbox 406 280 471 348; x_wconf 87' lang='lat' dir='ltr'><strong>quid</strong></span> <span class='ocrx_word' id='word_1_23' title='bbox 482 281 574 333; x_wconf 85' lang='lat' dir='ltr'><strong>Minos</strong></span> <span class='ocrx_word' id='word_1_24' title='bbox 585 279 661 331; x_wconf 88' lang='lat' dir='ltr'><strong>aliud</strong></span> <span class='ocrx_word' id='word_1_25' title='bbox 672 281 747 332; x_wconf 78' lang='lat' dir='ltr'><strong>velit.</strong></span> <span class='ocrx_word' id='word_1_26' title='bbox 767 283 862 350; x_wconf 75' lang='lat' dir='ltr'><strong>thue</strong></span> <span class='ocrx_word' id='word_1_27' title='bbox 872 282 949 334; x_wconf 83' lang='lat' dir='ltr'><strong>sedai</strong></span> 
     </span>
     <span class='ocr_line' id='line_1_5' title="bbox 307 350 924 418; baseline 0 -17"><span class='ocrx_word' id='word_1_28' title='bbox 307 351 431 401; x_wconf 81' lang='lat' dir='ltr'><strong>Candida</strong></span> <span class='ocrx_word' id='word_1_29' title='bbox 441 350 550 401; x_wconf 81' lang='lat' dir='ltr'>Dictaei</span> <span class='ocrx_word' id='word_1_30' title='bbox 561 352 690 415; x_wconf 83' lang='lat' dir='ltr'><strong>spectans</strong></span> <span class='ocrx_word' id='word_1_31' title='bbox 700 353 825 401; x_wconf 84' lang='lat' dir='ltr'><strong>tentoria</strong></span> <span class='ocrx_word' id='word_1_32' title='bbox 834 353 924 418; x_wconf 84' lang='lat' dir='ltr'><strong>regis;</strong></span> 
     </span>
     <span class='ocr_line' id='line_1_6' title="bbox 305 417 949 485; baseline 0 -16"><span class='ocrx_word' id='word_1_33' title='bbox 305 419 421 480; x_wconf 78' lang='lat' dir='ltr'><strong>Laeter,</strong></span> <span class='ocrx_word' id='word_1_34' title='bbox 433 419 484 480; x_wconf 86' lang='lat' dir='ltr'><strong>ait,</strong></span> <span class='ocrx_word' id='word_1_35' title='bbox 494 417 640 469; x_wconf 81' lang='lat' dir='ltr'><strong>doleamne</strong></span> <span class='ocrx_word' id='word_1_36' title='bbox 650 421 709 485; x_wconf 80' lang='lat' dir='ltr'><strong>geri</strong></span> <span class='ocrx_word' id='word_1_37' title='bbox 721 419 892 470; x_wconf 77' lang='lat' dir='ltr'><strong>lacrimabile</strong></span> <span class='ocrx_word' id='word_1_38' title='bbox 902 419 949 471; x_wconf 91' lang='lat' dir='ltr'><strong>bel</strong></span> 
     </span>
    </p>

    <p class='ocr_par' dir='ltr' id='par_1_3' title="bbox 263 485 949 624">
     <span class='ocr_line' id='line_1_7' title="bbox 263 485 947 553; baseline 0.006 -19"><span class='ocrx_word' id='word_1_39' title='bbox 263 485 295 536; x_wconf 77' lang='lat'><strong>45</strong></span> <span class='ocrx_word' id='word_1_40' title='bbox 308 490 339 540; x_wconf 89' lang='lat' dir='ltr'><strong>ln</strong></span> <span class='ocrx_word' id='word_1_41' title='bbox 348 487 431 538; x_wconf 87' lang='lat' dir='ltr'><strong>dubio</strong></span> <span class='ocrx_word' id='word_1_42' title='bbox 443 492 493 537; x_wconf 86' lang='lat' dir='ltr'><strong>est.</strong></span> <span class='ocrx_word' id='word_1_43' title='bbox 504 486 604 548; x_wconf 90' lang='lat' dir='ltr'><strong>Doleo,</strong></span> <span class='ocrx_word' id='word_1_44' title='bbox 615 487 689 553; x_wconf 88' lang='lat' dir='ltr'><strong>quod</strong></span> <span class='ocrx_word' id='word_1_45' title='bbox 699 488 792 538; x_wconf 86' lang='lat' dir='ltr'><strong>Minos</strong></span> <span class='ocrx_word' id='word_1_46' title='bbox 803 487 892 538; x_wconf 87' lang='lat' dir='ltr'><strong>hostis</strong></span> <span class='ocrx_word' id='word_1_47' title='bbox 902 503 947 538; x_wconf 87' lang='lat' dir='ltr'><strong>am</strong></span> 
     </span>
     <span class='ocr_line' id='line_1_8' title="bbox 306 554 949 624; baseline -0.003 -17"><span class='ocrx_word' id='word_1_48' title='bbox 306 557 362 607; x_wconf 82' lang='lat' dir='ltr'><strong>Sed</strong></span> <span class='ocrx_word' id='word_1_49' title='bbox 372 556 424 611; x_wconf 85' lang='lat' dir='ltr'><strong>nisi</strong></span> <span class='ocrx_word' id='word_1_50' title='bbox 432 554 511 617; x_wconf 81' lang='lat' dir='ltr'><strong>pella</strong></span> <span class='ocrx_word' id='word_1_51' title='bbox 521 554 622 618; x_wconf 84' lang='lat' dir='ltr'><strong>forent,</strong></span> <span class='ocrx_word' id='word_1_52' title='bbox 633 556 765 622; x_wconf 86' lang='lat' dir='ltr'><strong>numquid</strong></span> <span class='ocrx_word' id='word_1_53' title='bbox 775 555 949 624; x_wconf 80' lang='lat' dir='ltr'><strong>mihicognlt1</strong></span> 
     </span>
    </p>

    <p class='ocr_par' dir='ltr' id='par_1_4' title="bbox 276 625 949 830">
     <span class='ocr_line' id='line_1_9' title="bbox 276 625 949 690; baseline 0.001 -15"><span class='ocrx_word' id='word_1_54' title='bbox 276 676 279 681; x_wconf 73' lang='grc'>,</span> <span class='ocrx_word' id='word_1_55' title='bbox 306 625 353 675; x_wconf 82' lang='lat' dir='ltr'><strong>ille</strong></span> <span class='ocrx_word' id='word_1_56' title='bbox 363 631 420 674; x_wconf 90' lang='lat' dir='ltr'><strong>tam</strong></span> <span class='ocrx_word' id='word_1_57' title='bbox 425 639 459 675; x_wconf 90' lang='lat' dir='ltr'><strong>en</strong></span> <span class='ocrx_word' id='word_1_58' title='bbox 470 629 582 687; x_wconf 87' lang='lat' dir='ltr'><strong>accepta</strong></span> <span class='ocrx_word' id='word_1_59' title='bbox 592 629 703 690; x_wconf 85' lang='lat' dir='ltr'><strong>poterat·</strong></span> <span class='ocrx_word' id='word_1_60' title='bbox 713 625 852 690; x_wconf 79' lang='lat' dir='ltr'><strong>deponere</strong></span> <span class='ocrx_word' id='word_1_61' title='bbox 860 626 949 676; x_wconf 85' lang='lat' dir='ltr'><strong>bellur</strong></span> 
     </span>
     <span class='ocr_line' id='line_1_10' title="bbox 306 693 949 760; baseline 0.006 -18"><span class='ocrx_word' id='word_1_62' title='bbox 306 693 424 744; x_wconf 81' lang='lat' dir='ltr'><strong>Obside:</strong></span> <span class='ocrx_word' id='word_1_63' title='bbox 440 708 485 744; x_wconf 88' lang='lat' dir='ltr'><strong>me</strong></span> <span class='ocrx_word' id='word_1_64' title='bbox 495 693 636 754; x_wconf 88' lang='lat' dir='ltr'><strong>comitem,</strong></span> <span class='ocrx_word' id='word_1_65' title='bbox 647 708 690 743; x_wconf 89' lang='lat' dir='ltr'><strong>me</strong></span> <span class='ocrx_word' id='word_1_66' title='bbox 699 697 776 760; x_wconf 89' lang='lat' dir='ltr'><strong>pacis</strong></span> <span class='ocrx_word' id='word_1_67' title='bbox 785 695 884 760; x_wconf 83' lang='lat' dir='ltr'><strong>pignus</strong></span> <span class='ocrx_word' id='word_1_68' title='bbox 896 693 949 745; x_wconf 82' lang='lat' dir='ltr'><strong>hab</strong></span> 
     </span>
     <span class='ocr_line' id='line_1_11' title="bbox 308 761 949 830; baseline 0 -17"><span class='ocrx_word' id='word_1_69' title='bbox 308 761 351 824; x_wconf 81' lang='lat' dir='ltr'><strong>Si,</strong></span> <span class='ocrx_word' id='word_1_70' title='bbox 362 774 434 829; x_wconf 86' lang='lat' dir='ltr'><strong>quac</strong></span> <span class='ocrx_word' id='word_1_71' title='bbox 445 768 472 814; x_wconf 87' lang='lat' dir='ltr'><strong>te</strong></span> <span class='ocrx_word' id='word_1_72' title='bbox 483 764 593 830; x_wconf 85' lang='lat' dir='ltr'><strong>genuit,</strong></span> <span class='ocrx_word' id='word_1_73' title='bbox 603 762 680 824; x_wconf 87' lang='lat' dir='ltr'><strong>talis,</strong></span> <span class='ocrx_word' id='word_1_74' title='bbox 690 762 877 828; x_wconf 79' lang='lat' dir='ltr'><strong>pulcherrime</strong></span> <span class='ocrx_word' id='word_1_75' title='bbox 887 779 949 814; x_wconf 86' lang='lat' dir='ltr'><strong>reru</strong></span> 
     </span>
    </p>

    <p class='ocr_par' dir='ltr' id='par_1_5' title="bbox 266 831 950 1175">
     <span class='ocr_line' id='line_1_12' title="bbox 266 831 948 898; baseline -0.004 -13"><span class='ocrx_word' id='word_1_76' title='bbox 266 833 298 885; x_wconf 88' lang='lat'><strong>50</strong></span> <span class='ocrx_word' id='word_1_77' title='bbox 310 831 406 892; x_wconf 78' lang='lat' dir='ltr'><strong>Qualis</strong></span> <span class='ocrx_word' id='word_1_78' title='bbox 417 846 448 883; x_wconf 84' lang='lat' dir='ltr'><strong>es</strong></span> <span class='ocrx_word' id='word_1_79' title='bbox 457 831 607 898; x_wconf 78' lang='lat' dir='ltr'><strong>ipse,‘fuit;</strong></span> <span class='ocrx_word' id='word_1_80' title='bbox 622 832 722 882; x_wconf 78' lang='lat' dir='ltr'><strong>nierito</strong></span> <span class='ocrx_word' id='word_1_81' title='bbox 732 831 808 882; x_wconf 89' lang='lat' dir='ltr'><strong>Deus</strong></span> <span class='ocrx_word' id='word_1_82' title='bbox 819 833 889 881; x_wconf 84' lang='lat' dir='ltr'><strong>arsit</strong></span> <span class='ocrx_word' id='word_1_83' title='bbox 899 834 927 882; x_wconf 87' lang='lat' dir='ltr'><strong>in</strong></span> <span class='ocrx_word' id='word_1_84' title='bbox 938 833 948 882; x_wconf 92' lang='lat' dir='ltr'><strong>i</strong></span> 
     </span>
     <span class='ocr_line' id='line_1_13' title="bbox 309 900 945 967; baseline -0.002 -15"><span class='ocrx_word' id='word_1_85' title='bbox 309 901 346 952; x_wconf 79' lang='lat'><strong>0!</strong></span> <span class='ocrx_word' id='word_1_86' title='bbox 362 915 413 967; x_wconf 87' lang='lat' dir='ltr'><strong>ego</strong></span> <span class='ocrx_word' id='word_1_87' title='bbox 424 905 469 951; x_wconf 87' lang='lat' dir='ltr'><strong>ter</strong></span> <span class='ocrx_word' id='word_1_88' title='bbox 479 900 560 962; x_wconf 82' lang='lat' dir='ltr'><strong>felix,</strong></span> <span class='ocrx_word' id='word_1_89' title='bbox 570 901 594 950; x_wconf 84' lang='lat' dir='ltr'><strong>si</strong></span> <span class='ocrx_word' id='word_1_90' title='bbox 606 901 702 965; x_wconf 92' lang='lat' dir='ltr'><strong>pennis</strong></span> <span class='ocrx_word' id='word_1_91' title='bbox 713 900 789 966; x_wconf 87' lang='lat' dir='ltr'><strong>lapsa</strong></span> <span class='ocrx_word' id='word_1_92' title='bbox 799 914 849 965; x_wconf 85' lang='lat' dir='ltr'><strong>per</strong></span> <span class='ocrx_word' id='word_1_93' title='bbox 860 914 945 951; x_wconf 85' lang='lat' dir='ltr'><strong>auras</strong></span> 
     </span>
     <span class='ocr_line' id='line_1_14' title="bbox 310 969 897 1035; baseline -0.002 -16"><span class='ocrx_word' id='word_1_94' title='bbox 310 971 441 1020; x_wconf 76' lang='lat' dir='ltr'><strong>Gnosiaci</strong></span> <span class='ocrx_word' id='word_1_95' title='bbox 451 970 554 1035; x_wconf 89' lang='lat' dir='ltr'><strong>possim</strong></span> <span class='ocrx_word' id='word_1_96' title='bbox 564 969 662 1020; x_wconf 85' lang='lat' dir='ltr'><strong>castris</strong></span> <span class='ocrx_word' id='word_1_97' title='bbox 672 969 800 1020; x_wconf 84' lang='lat' dir='ltr'><strong>insistere</strong></span> <span class='ocrx_word' id='word_1_98' title='bbox 809 970 897 1035; x_wconf 86' lang='lat' dir='ltr'><strong>regis:</strong></span> 
     </span>
     <span class='ocr_line' id='line_1_15' title="bbox 310 1030 950 1106; baseline -0.002 -17"><span class='ocrx_word' id='word_1_99' title='bbox 310 1030 950 1106; x_wconf 71' lang='lat' dir='ltr'><strong>l&#39;assaquemaflammasquemcas,quadote‚r</strong></span> 
     </span>
     <span class='ocr_line' id='line_1_16' title="bbox 311 1106 949 1175; baseline -0.005 -16"><span class='ocrx_word' id='word_1_100' title='bbox 311 1107 406 1159; x_wconf 85' lang='lat' dir='ltr'><strong>Vellet</strong></span> <span class='ocrx_word' id='word_1_101' title='bbox 414 1106 480 1159; x_wconf 85' lang='lat' dir='ltr'><strong>emi!</strong></span> <span class='ocrx_word' id='word_1_102' title='bbox 495 1113 603 1175; x_wconf 80' lang='lat' dir='ltr'><strong>taptum</strong></span> <span class='ocrx_word' id='word_1_103' title='bbox 614 1108 720 1172; x_wconf 84' lang='lat' dir='ltr'><strong>patrias</strong></span> <span class='ocrx_word' id='word_1_104' title='bbox 731 1120 765 1157; x_wconf 89' lang='lat' dir='ltr'><strong>ne</strong></span> <span class='ocrx_word' id='word_1_105' title='bbox 777 1111 906 1171; x_wconf 85' lang='lat' dir='ltr'><strong>posceret</strong></span> <span class='ocrx_word' id='word_1_106' title='bbox 915 1120 949 1157; x_wconf 86' lang='lat' dir='ltr'><strong>ar</strong></span> 
     </span>
    </p>

    <p class='ocr_par' dir='ltr' id='par_1_6' title="bbox 267 1174 948 1242">
     <span class='ocr_line' id='line_1_17' title="bbox 267 1174 948 1242; baseline 0.004 -20"><span class='ocrx_word' id='word_1_107' title='bbox 267 1174 300 1223; x_wconf 84' lang='lat'><strong>55</strong></span> <span class='ocrx_word' id='word_1_108' title='bbox 311 1176 380 1227; x_wconf 77' lang='lat' dir='ltr'><strong>Nom</strong></span> <span class='ocrx_word' id='word_1_109' title='bbox 390 1182 506 1242; x_wconf 87' lang='lat' dir='ltr'><strong>pereant</strong></span> <span class='ocrx_word' id='word_1_110' title='bbox 514 1174 607 1242; x_wconf 80' lang='lat' dir='ltr'><strong>potius</strong></span> <span class='ocrx_word' id='word_1_111' title='bbox 615 1180 727 1240; x_wconf 72' lang='lat' dir='ltr'><strong>sperata</strong></span> <span class='ocrx_word' id='word_1_112' title='bbox 738 1174 854 1237; x_wconf 89' lang='lat' dir='ltr'><strong>cubilia,</strong></span> <span class='ocrx_word' id='word_1_113' title='bbox 865 1190 948 1241; x_wconf 90' lang='lat' dir='ltr'><strong>quam</strong></span> 
     </span>
    </p>
   </div>
   <div class='ocr_carea' id='block_1_3' title="bbox 192 1243 949 1309">
    <p class='ocr_par' dir='ltr' id='par_1_7' title="bbox 192 1243 949 1309">
     <span class='ocr_line' id='line_1_18' title="bbox 192 1243 949 1309; baseline -0.005 -13"><span class='ocrx_word' id='word_1_114' title='bbox 192 1250 198 1261; x_wconf 74' lang='grc'><em>“</em></span> <span class='ocrx_word' id='word_1_115' title='bbox 297 1243 474 1295; x_wconf 84' lang='lat' dir='ltr'><strong>‘Proditione</strong></span> <span class='ocrx_word' id='word_1_116' title='bbox 483 1249 596 1308; x_wconf 83' lang='lat' dir='ltr'><strong>potens:</strong></span> <span class='ocrx_word' id='word_1_117' title='bbox 613 1245 737 1308; x_wconf 79' lang='lat' dir='ltr'><strong>quamvis</strong></span> <span class='ocrx_word' id='word_1_118' title='bbox 748 1257 832 1309; x_wconf 81' lang='lat' dir='ltr'><strong>saepe</strong></span> <span class='ocrx_word' id='word_1_119' title='bbox 842 1244 912 1297; x_wconf 84' lang='lat' dir='ltr'><strong>utile</strong></span> <span class='ocrx_word' id='word_1_120' title='bbox 923 1244 949 1293; x_wconf 80' lang='lat' dir='ltr'><strong>vi</strong></span> 
     </span>
    </p>
   </div>
   <div class='ocr_carea' id='block_1_4' title="bbox 309 1310 949 1516">
    <p class='ocr_par' dir='ltr' id='par_1_8' title="bbox 309 1310 949 1516">
     <span class='ocr_line' id='line_1_19' title="bbox 309 1310 897 1377; baseline 0.003 -17"><span class='ocrx_word' id='word_1_121' title='bbox 309 1312 430 1361; x_wconf 80' lang='lat' dir='ltr'><strong>lictoris</strong></span> <span class='ocrx_word' id='word_1_122' title='bbox 440 1310 544 1377; x_wconf 79' lang='lat' dir='ltr'><strong>placidi</strong></span> <span class='ocrx_word' id='word_1_123' title='bbox 555 1311 621 1361; x_wconf 81' lang='lat' dir='ltr'><strong>iecit</strong></span> <span class='ocrx_word' id='word_1_124' title='bbox 630 1311 779 1362; x_wconf 87' lang='lat' dir='ltr'><strong>clementia</strong></span> <span class='ocrx_word' id='word_1_125' title='bbox 789 1312 897 1369; x_wconf 59' lang='lat' dir='ltr'><strong>multis..</strong></span> 
     </span>
     <span class='ocr_line' id='line_1_20' title="bbox 310 1379 929 1447; baseline 0.002 -18"><span class='ocrx_word' id='word_1_126' title='bbox 310 1381 387 1430; x_wconf 90' lang='lat' dir='ltr'><strong>lusta</strong></span> <span class='ocrx_word' id='word_1_127' title='bbox 397 1381 470 1447; x_wconf 84' lang='lat' dir='ltr'><strong>gerit</strong></span> <span class='ocrx_word' id='word_1_128' title='bbox 478 1382 555 1431; x_wconf 84' lang='lat' dir='ltr'><strong>certe</strong></span> <span class='ocrx_word' id='word_1_129' title='bbox 564 1393 615 1445; x_wconf 90' lang='lat' dir='ltr'><strong>pro</strong></span> <span class='ocrx_word' id='word_1_130' title='bbox 625 1384 693 1430; x_wconf 86' lang='lat' dir='ltr'><strong>nato</strong></span> <span class='ocrx_word' id='word_1_131' title='bbox 703 1379 778 1432; x_wconf 87' lang='lat' dir='ltr'><strong>bella</strong></span> <span class='ocrx_word' id='word_1_132' title='bbox 789 1387 929 1446; x_wconf 80' lang='lat' dir='ltr'><strong>peremto:</strong></span> 
     </span>
     <span class='ocr_line' id='line_1_21' title="bbox 311 1447 949 1516; baseline 0.003 -18"><span class='ocrx_word' id='word_1_133' title='bbox 311 1448 341 1498; x_wconf 91' lang='lat' dir='ltr'><strong>ln</strong></span> <span class='ocrx_word' id='word_1_134' title='bbox 354 1447 604 1516; x_wconf 84' lang='lat' dir='ltr'><strong>caussaquevalet;</strong></span> <span class='ocrx_word' id='word_1_135' title='bbox 619 1462 800 1515; x_wconf 81' lang='lat' dir='ltr'><strong>caussamque</strong></span> <span class='ocrx_word' id='word_1_136' title='bbox 809 1450 949 1500; x_wconf 85' lang='lat' dir='ltr'><strong>tuentibus</strong></span> 
     </span>
    </p>
   </div>
   <div class='ocr_carea' id='block_1_5' title="bbox 200 1517 949 1584">
    <p class='ocr_par' dir='ltr' id='par_1_9' title="bbox 200 1517 949 1584">
     <span class='ocr_line' id='line_1_22' title="bbox 200 1517 949 1584; baseline -0.004 -14"><span class='ocrx_word' id='word_1_137' title='bbox 200 1576 202 1583; x_wconf 53' lang='grc'>,</span> <span class='ocrx_word' id='word_1_138' title='bbox 269 1519 302 1581; x_wconf 74' lang='lat' dir='ltr'><strong>do</strong></span> <span class='ocrx_word' id='word_1_139' title='bbox 312 1517 351 1568; x_wconf 79' lang='lat' dir='ltr'><strong>vt</strong></span> <span class='ocrx_word' id='word_1_140' title='bbox 361 1523 428 1584; x_wconf 91' lang='lat' dir='ltr'><strong>puto</strong></span> <span class='ocrx_word' id='word_1_141' title='bbox 435 1553 443 1579; x_wconf 89' lang='lat'><strong><em>‚</em></strong></span> <span class='ocrx_word' id='word_1_142' title='bbox 451 1519 601 1570; x_wconf 79' lang='lat' dir='ltr'><strong>vincemur.</strong></span> <span class='ocrx_word' id='word_1_143' title='bbox 621 1518 674 1580; x_wconf 76' lang='lat' dir='ltr'><strong>Qui</strong></span> <span class='ocrx_word' id='word_1_144' title='bbox 687 1519 710 1567; x_wconf 90' lang='lat' dir='ltr'><strong>si</strong></span> <span class='ocrx_word' id='word_1_145' title='bbox 720 1523 815 1569; x_wconf 88' lang='lat' dir='ltr'><strong>monet</strong></span> <span class='ocrx_word' id='word_1_146' title='bbox 825 1519 949 1570; x_wconf 72' lang='lat' dir='ltr'><strong>exituou:</strong></span> 
     </span>
    </p>
   </div>
   <div class='ocr_carea' id='block_1_6' title="bbox 270 1585 949 2132">
    <p class='ocr_par' dir='ltr' id='par_1_10' title="bbox 270 1585 949 2132">
     <span class='ocr_line' id='line_1_23' title="bbox 313 1585 949 1638; baseline 0.005 -3"><span class='ocrx_word' id='word_1_147' title='bbox 313 1587 369 1636; x_wconf 81' lang='lat' dir='ltr'><strong>Cur</strong></span> <span class='ocrx_word' id='word_1_148' title='bbox 379 1602 444 1637; x_wconf 89' lang='lat' dir='ltr'><strong>suus</strong></span> <span class='ocrx_word' id='word_1_149' title='bbox 455 1585 525 1638; x_wconf 87' lang='lat' dir='ltr'><strong>haec</strong></span> <span class='ocrx_word' id='word_1_150' title='bbox 534 1587 575 1636; x_wconf 89' lang='lat' dir='ltr'><strong>illi</strong></span> <span class='ocrx_word' id='word_1_151' title='bbox 585 1587 722 1638; x_wconf 83' lang='lat' dir='ltr'><strong>reserabit</strong></span> <span class='ocrx_word' id='word_1_152' title='bbox 732 1589 841 1638; x_wconf 87' lang='lat' dir='ltr'><strong>moenia</strong></span> <span class='ocrx_word' id='word_1_153' title='bbox 850 1587 949 1638; x_wconf 83' lang='lat' dir='ltr'><strong>Mavor</strong></span> 
     </span>
     <span class='ocr_line' id='line_1_24' title="bbox 311 1654 949 1719; baseline 0.006 -16"><span class='ocrx_word' id='word_1_154' title='bbox 311 1655 348 1704; x_wconf 70' lang='lat' dir='ltr'><strong>iit</strong></span> <span class='ocrx_word' id='word_1_155' title='bbox 359 1669 412 1705; x_wconf 87' lang='lat' dir='ltr'><strong>non</strong></span> <span class='ocrx_word' id='word_1_156' title='bbox 422 1661 518 1706; x_wconf 87' lang='lat' dir='ltr'><strong>noster</strong></span> <span class='ocrx_word' id='word_1_157' title='bbox 528 1655 624 1706; x_wconf 82' lang='lat' dir='ltr'><strong>amori</strong></span> <span class='ocrx_word' id='word_1_158' title='bbox 643 1654 744 1706; x_wconf 88' lang='lat' dir='ltr'><strong>melius</strong></span> <span class='ocrx_word' id='word_1_159' title='bbox 754 1657 813 1707; x_wconf 90' lang='lat' dir='ltr'><strong>sine</strong></span> <span class='ocrx_word' id='word_1_160' title='bbox 823 1656 921 1719; x_wconf 81' lang='lat' dir='ltr'><strong>caede,</strong></span> <span class='ocrx_word' id='word_1_161' title='bbox 932 1670 949 1707; x_wconf 89' lang='lat' dir='ltr'><strong>u</strong></span> 
     </span>
     <span class='ocr_line' id='line_1_25' title="bbox 312 1725 929 1791; baseline -0.002 -16"><span class='ocrx_word' id='word_1_162' title='bbox 312 1726 494 1791; x_wconf 84' lang='lat' dir='ltr'><strong>impensaque</strong></span> <span class='ocrx_word' id='word_1_163' title='bbox 504 1726 547 1775; x_wconf 90' lang='lat' dir='ltr'><strong>sui</strong></span> <span class='ocrx_word' id='word_1_164' title='bbox 558 1725 661 1790; x_wconf 81' lang='lat' dir='ltr'><strong>poterit</strong></span> <span class='ocrx_word' id='word_1_165' title='bbox 670 1738 802 1790; x_wconf 85' lang='lat' dir='ltr'><strong>superare</strong></span> <span class='ocrx_word' id='word_1_166' title='bbox 813 1726 929 1776; x_wconf 83' lang='lat' dir='ltr'><strong>erueris.</strong></span> 
     </span>
     <span class='ocr_line' id='line_1_26' title="bbox 314 1793 949 1860; baseline 0.002 -18"><span class='ocrx_word' id='word_1_167' title='bbox 314 1794 402 1854; x_wconf 68' lang='lat' dir='ltr'><strong>(luam</strong></span> <span class='ocrx_word' id='word_1_168' title='bbox 414 1799 508 1846; x_wconf 86' lang='lat' dir='ltr'><strong>metuo</strong></span> <span class='ocrx_word' id='word_1_169' title='bbox 518 1799 608 1855; x_wconf 87' lang='lat' dir='ltr'><strong>certe,</strong></span> <span class='ocrx_word' id='word_1_170' title='bbox 619 1809 654 1844; x_wconf 91' lang='lat' dir='ltr'><strong>ne</strong></span> <span class='ocrx_word' id='word_1_171' title='bbox 664 1795 725 1860; x_wconf 84' lang='lat' dir='ltr'><strong>quis</strong></span> <span class='ocrx_word' id='word_1_172' title='bbox 735 1797 784 1844; x_wconf 84' lang='lat' dir='ltr'><strong>tua</strong></span> <span class='ocrx_word' id='word_1_173' title='bbox 793 1798 922 1859; x_wconf 84' lang='lat' dir='ltr'><strong>pectora,</strong></span> <span class='ocrx_word' id='word_1_174' title='bbox 933 1793 949 1843; x_wconf 89' lang='lat' dir='ltr'><strong>ll</strong></span> 
     </span>
     <span class='ocr_line' id='line_1_27' title="bbox 270 1860 949 1928; baseline 0.004 -20"><span class='ocrx_word' id='word_1_175' title='bbox 270 1861 301 1909; x_wconf 69' lang='lat'><strong>05</strong></span> <span class='ocrx_word' id='word_1_176' title='bbox 315 1862 452 1912; x_wconf 78' lang='lat' dir='ltr'><strong>vomeret</strong></span> <span class='ocrx_word' id='word_1_177' title='bbox 460 1860 633 1928; x_wconf 84' lang='lat' dir='ltr'><strong>imprudens!</strong></span> <span class='ocrx_word' id='word_1_178' title='bbox 645 1863 707 1927; x_wconf 88' lang='lat' dir='ltr'><strong>quis</strong></span> <span class='ocrx_word' id='word_1_179' title='bbox 718 1863 790 1912; x_wconf 90' lang='lat' dir='ltr'><strong>enim</strong></span> <span class='ocrx_word' id='word_1_180' title='bbox 801 1867 859 1911; x_wconf 85' lang='lat' dir='ltr'><strong>tarn</strong></span> <span class='ocrx_word' id='word_1_181' title='bbox 870 1861 949 1911; x_wconf 87' lang='lat' dir='ltr'><strong>dirus</strong></span> 
     </span>
     <span class='ocr_line' id='line_1_28' title="bbox 313 1928 949 1993; baseline 0.002 -15"><span class='ocrx_word' id='word_1_182' title='bbox 313 1930 441 1993; x_wconf 85' lang='lat' dir='ltr'><strong>Dirigere</strong></span> <span class='ocrx_word' id='word_1_183' title='bbox 452 1931 600 1990; x_wconf 89' lang='lat' dir='ltr'><strong>immitem,</strong></span> <span class='ocrx_word' id='word_1_184' title='bbox 611 1931 664 1978; x_wconf 86' lang='lat' dir='ltr'><strong>nisi</strong></span> <span class='ocrx_word' id='word_1_185' title='bbox 676 1931 795 1992; x_wconf 88' lang='lat' dir='ltr'><strong>nescius,</strong></span> <span class='ocrx_word' id='word_1_186' title='bbox 807 1930 909 1981; x_wconf 84' lang='lat' dir='ltr'><strong>audeat</strong></span> <span class='ocrx_word' id='word_1_187' title='bbox 918 1928 949 1980; x_wconf 77' lang='lat' dir='ltr'><strong>lna</strong></span> 
     </span>
     <span class='ocr_line' id='line_1_29' title="bbox 315 1996 949 2062; baseline 0.006 -17"><span class='ocrx_word' id='word_1_188' title='bbox 315 1997 419 2062; x_wconf 88' lang='lat' dir='ltr'><strong>Coepta</strong></span> <span class='ocrx_word' id='word_1_189' title='bbox 429 1996 553 2062; x_wconf 85' lang='lat' dir='ltr'><strong>placent,</strong></span> <span class='ocrx_word' id='word_1_190' title='bbox 565 2002 595 2047; x_wconf 89' lang='lat' dir='ltr'><strong>et</strong></span> <span class='ocrx_word' id='word_1_191' title='bbox 603 2001 659 2047; x_wconf 88' lang='lat' dir='ltr'><strong>stat</strong></span> <span class='ocrx_word' id='word_1_192' title='bbox 669 2000 808 2049; x_wconf 84' lang='lat' dir='ltr'><strong>sententia</strong></span> <span class='ocrx_word' id='word_1_193' title='bbox 817 1998 949 2051; x_wconf 83' lang='lat' dir='ltr'><strong>traderer</strong></span> 
     </span>
     <span class='ocr_line' id='line_1_30' title="bbox 313 2065 949 2132; baseline 0.003 -18"><span class='ocrx_word' id='word_1_194' title='bbox 313 2065 445 2115; x_wconf 86' lang='lat' dir='ltr'><strong>Dotalem</strong></span> <span class='ocrx_word' id='word_1_195' title='bbox 455 2066 587 2130; x_wconf 88' lang='lat' dir='ltr'><strong>patriam,</strong></span> <span class='ocrx_word' id='word_1_196' title='bbox 598 2067 736 2132; x_wconf 77' lang='lat' dir='ltr'><strong>finemque</strong></span> <span class='ocrx_word' id='word_1_197' title='bbox 746 2068 889 2132; x_wconf 88' lang='lat' dir='ltr'><strong>imponere</strong></span> <span class='ocrx_word' id='word_1_198' title='bbox 899 2066 949 2117; x_wconf 85' lang='lat' dir='ltr'><strong>bel]</strong></span> 
     </span>
    </p>
   </div>
   <div class='ocr_carea' id='block_1_7' title="bbox 171 2126 949 2201">
    <p class='ocr_par' dir='ltr' id='par_1_11' title="bbox 171 2126 949 2201">
     <span class='ocr_line' id='line_1_31' title="bbox 171 2126 949 2201; baseline 0.003 -18"><span class='ocrx_word' id='word_1_199' title='bbox 171 2126 174 2131; x_wconf 71' lang='grc'><em>’</em></span> <span class='ocrx_word' id='word_1_200' title='bbox 253 2161 260 2167; x_wconf 94' lang='grc'>-</span> <span class='ocrx_word' id='word_1_201' title='bbox 313 2134 418 2184; x_wconf 87' lang='lat' dir='ltr'><strong>Verum</strong></span> <span class='ocrx_word' id='word_1_202' title='bbox 429 2133 502 2185; x_wconf 90' lang='lat' dir='ltr'><strong>velle</strong></span> <span class='ocrx_word' id='word_1_203' title='bbox 512 2148 611 2201; x_wconf 80' lang='lat' dir='ltr'><strong>parum</strong></span> <span class='ocrx_word' id='word_1_204' title='bbox 621 2138 671 2185; x_wconf 89' lang='lat' dir='ltr'><strong>est.</strong></span> <span class='ocrx_word' id='word_1_205' title='bbox 691 2135 790 2185; x_wconf 84' lang='lat' dir='ltr'><strong>Aditus</strong></span> <span class='ocrx_word' id='word_1_206' title='bbox 799 2134 949 2186; x_wconf 84' lang='lat' dir='ltr'><strong>custodias</strong></span> 
     </span>
    </p>
   </div>
   <div class='ocr_carea' id='block_1_8' title="bbox 42 2567 178 2704">
    <p class='ocr_par' dir='ltr' id='par_1_12' title="bbox 42 2567 178 2704">
     <span class='ocr_line' id='line_1_32' title="bbox 42 2567 178 2704; baseline 0 0"><span class='ocrx_word' id='word_1_207' title='bbox 42 2567 47 2581; x_wconf 72' lang='grc'>’</span> <span class='ocrx_word' id='word_1_208' title='bbox 78 2580 178 2704; x_wconf 52' lang='grc' dir='ltr'><strong>ἡ</strong></span> 
     </span>
    </p>
   </div>
   <div class='ocr_carea' id='block_1_9' title="bbox 273 2202 949 2611">
    <p class='ocr_par' dir='ltr' id='par_1_13' title="bbox 273 2202 949 2611">
     <span class='ocr_line' id='line_1_33' title="bbox 273 2202 949 2270; baseline 0.007 -20"><span class='ocrx_word' id='word_1_209' title='bbox 273 2218 305 2264; x_wconf 88' lang='lat'><strong>7⁰</strong></span> <span class='ocrx_word' id='word_1_210' title='bbox 315 2202 497 2268; x_wconf 86' lang='lat' dir='ltr'><strong>Claustraque</strong></span> <span class='ocrx_word' id='word_1_211' title='bbox 512 2208 657 2270; x_wconf 85' lang='lat' dir='ltr'><strong>portarum</strong></span> <span class='ocrx_word' id='word_1_212' title='bbox 672 2205 783 2270; x_wconf 81' lang='lat' dir='ltr'><strong>genitor</strong></span> <span class='ocrx_word' id='word_1_213' title='bbox 796 2208 886 2256; x_wconf 82' lang='lat' dir='ltr'><strong>tenet:</strong></span> <span class='ocrx_word' id='word_1_214' title='bbox 903 2202 949 2255; x_wconf 89' lang='lat' dir='ltr'><strong>hm</strong></span> 
     </span>
     <span class='ocr_line' id='line_1_34' title="bbox 314 2272 906 2393; baseline -0.003 -1"><span class='ocrx_word' id='word_1_215' title='bbox 314 2340 523 2393; x_wconf 83' lang='lat' dir='ltr'><strong>infelirtimeo:</strong></span> <span class='ocrx_word' id='word_1_216' title='bbox 540 2340 687 2392; x_wconf 84' lang='lat' dir='ltr'><strong>solusmca</strong></span> <span class='ocrx_word' id='word_1_217' title='bbox 697 2272 906 2392; x_wconf 47' lang='lat' dir='ltr'><strong>volgllrlrlgratur.</strong></span> 
     </span>
     <span class='ocr_line' id='line_1_35' title="bbox 314 2406 947 2477; baseline 0.005 -19"><span class='ocrx_word' id='word_1_218' title='bbox 314 2410 352 2459; x_wconf 83' lang='lat' dir='ltr'><strong>Ili</strong></span> <span class='ocrx_word' id='word_1_219' title='bbox 363 2408 496 2472; x_wconf 81' lang='lat' dir='ltr'><strong>fecerent,</strong></span> <span class='ocrx_word' id='word_1_220' title='bbox 506 2410 651 2475; x_wconf 88' lang='lat' dir='ltr'><strong>sinepatrc</strong></span> <span class='ocrx_word' id='word_1_221' title='bbox 659 2409 758 2460; x_wconf 84' lang='lat' dir='ltr'><strong>forem!</strong></span> <span class='ocrx_word' id='word_1_222' title='bbox 769 2406 821 2460; x_wconf 86' lang='lat' dir='ltr'><strong>sib&#39;i</strong></span> <span class='ocrx_word' id='word_1_223' title='bbox 829 2410 947 2477; x_wconf 86' lang='lat' dir='ltr'><strong>quisque</strong></span> 
     </span>
     <span class='ocr_line' id='line_1_36' title="bbox 312 2475 949 2549; baseline 0 -20"><span class='ocrx_word' id='word_1_224' title='bbox 312 2475 463 2532; x_wconf 82' lang='lat' dir='ltr'><strong>FitDeus:</strong></span> <span class='ocrx_word' id='word_1_225' title='bbox 479 2478 586 2549; x_wconf 80' lang='lat' dir='ltr'><strong>ignavis</strong></span> <span class='ocrx_word' id='word_1_226' title='bbox 596 2478 723 2546; x_wconf 80' lang='lat' dir='ltr'><strong>precihus</strong></span> <span class='ocrx_word' id='word_1_227' title='bbox 733 2477 860 2530; x_wconf 79' lang='lat' dir='ltr'><strong>Fortuna</strong></span> <span class='ocrx_word' id='word_1_228' title='bbox 869 2492 949 2547; x_wconf 67' lang='lat' dir='ltr'><strong>repup</strong></span> 
     </span>
     <span class='ocr_line' id='line_1_37' title="bbox 305 2546 949 2611; baseline -0.014 -9"><span class='ocrx_word' id='word_1_229' title='bbox 305 2548 407 2605; x_wconf 80' lang='lat' dir='ltr'><strong>Altera</strong></span> <span class='ocrx_word' id='word_1_230' title='bbox 417 2547 588 2607; x_wconf 89' lang='lat' dir='ltr'><strong>iamdudum</strong></span> <span class='ocrx_word' id='word_1_231' title='bbox 598 2561 737 2603; x_wconf 80' lang='lat' dir='ltr'><strong>succensa</strong></span> <span class='ocrx_word' id='word_1_232' title='bbox 744 2546 949 2611; x_wconf 55' lang='lat' dir='ltr'><strong>cupidinosam</strong></span> 
     </span>
    </p>
   </div>
   <div class='ocr_carea' id='block_1_10' title="bbox 0 0 980 3292">
    <p class='ocr_par' dir='ltr' id='par_1_14' title="bbox 0 0 980 3292">
     <span class='ocr_line' id='line_1_38' title="bbox 0 0 980 3292; baseline 0 0"><span class='ocrx_word' id='word_1_233' title='bbox 0 0 980 3292; x_wconf 95' lang='lat' dir='ltr'><strong> </strong></span> 
     </span>
    </p>
   </div>
  </div>
 </body>
</html>
