1950 3292
72 112 84 181 ,ἕ
147 116 198 181 m
341 78 749 168 novrouuns‘ou'rs
818 143 823 151 .

145 221 225 284 Quae
234 217 447 286 bretingcniis,
457 216 565 282 excepit
574 215 681 269 Pallam
697 230 834 287 avemque

143 288 289 349 Reddidit:
304 292 333 340 et
343 286 433 339 medlo
444 285 546 338 velavit
554 285 582 336 in
593 288 658 337 aire
668 287 773 352 pennis.

145 356 201 410 Sed
211 358 288 424 vigor
298 356 401 424 ingenii
411 354 549 423 quondam
559 355 662 406 velocis
672 356 700 406 in
710 355 779 418 ales,
856 364 859 368 ⁴

85 427 134 482 255
144 427 230 494 Inque
240 425 324 492 pedes
334 425 412 476 abiit:
429 437 544 487 nomen,
554 424 629 490 qued
639 430 667 475 et
678 432 752 486 ante,
762 438 867 477 remens

144 492 207 547 Non
217 499 310 545 tamen
320 490 389 542 haec
399 492 456 543 alte
466 492 588 543 volucris
599 509 650 544 sua
660 507 779 559 corpora
788 494 867 557 tollit

143 562 201 615 Nec
211 561 277 613 facit
284 563 314 611 in
323 562 422 622 ramis,
433 560 546 631 altoque
557 564 712 624 cacumine,
722 562 819 625 nidos;

56 680 58 684 .
143 631 261 695 Propter
270 627 385 681 humum
394 629 505 679 volitat:
522 631 654 697 ponitque
665 631 693 680 in
704 631 817 696 sepibus
828 645 867 683 ors

7 761 10 765 μ
142 699 309 766 Antiquique
319 712 425 749 memor
436 700 535 750 metuit
544 698 672 750 sublimia
682 714 772 750 casus.

84 769 131 825 260
176 769 288 834 lamque
299 766 446 834 fatigatum
457 766 541 818 tellus
551 770 672 819 Aetnaea
682 769 797 819 tenebat

141 835 300 888 Daedalon:
316 840 346 887 et
354 839 453 887 sumtis
463 850 513 902 pro
523 837 645 902 supplice
656 836 774 887 Cocalus
785 838 867 890 ermis

54 966 56 971 ,
142 905 220 957 Mitis
231 903 392 956 habebatur.
412 905 470 956 lam
481 904 659 956 lamentabile
668 903 793 957 Athenae

106 1019 115 1030 ,
141 972 266 1035 Pendere
276 971 550 1035 desierant,'l*hesaa
560 973 810 1036 laude‚tributum.

140 1041 259 1107 Templa
268 1036 693 1108 coronantur:‚bellatricemque
703 1043 859 1094 Minervam

81 1110 130 1165 265
142 1111 211 1162 Cum
221 1111 286 1162 love
296 1110 402 1178 Bisque
413 1113 511 1162 vocant
519 1109 594 1161 aliis:
605 1124 673 1178 quos
683 1112 819 1178 sanguine
829 1125 867 1163 vor

140 1179 360 1246 Muneribusque
370 1179 457 1241 datis,
468 1184 496 1230 et
505 1180 608 1230 acerris
619 1180 690 1230 turis
700 1181 828 1231 adorant.

140 1247 160 1300 S
179 1247 440 1315 arseratdrgoliess
451 1262 551 1298 nonren
561 1261 630 1314 vaga
640 1247 727 1298 Fama
736 1263 785 1314 per
795 1248 867 1300 urbe

27 1352 29 1359 -
139 1263 274 1368 'l'ffieseoss
291 1322 320 1368 et
329 1316 436 1382 populi,
448 1329 517 1382 quos
526 1314 601 1365 dives
611 1314 716 1367 Achaia
727 1317 809 1383 cepit,

137 1385 230 1436 Huius
242 1397 322 1450 opem
333 1385 441 1450 magnis
451 1381 634 1449 imploravere
644 1385 771 1448 periclisz

79 1472 129 1525 ²7⁰
138 1453 229 1517 Huius
239 1465 319 1517 opem
325 1451 459 1518 Calydon,
470 1451 765 1520 quamvisMeleagron
776 1453 867 1506 haben

57 1546 61 1591 ·‚
140 1519 269 1572 Sollicita
279 1519 394 1586 supplex
404 1521 484 1586 petiit
494 1535 584 1586 prece.
605 1521 709 1572 Caussa
719 1523 834 1587 petendi

92 1634 95 1638 ,
140 1588 194 1641 Sus
204 1593 278 1651 erat,
287 1588 405 1641 infestae
417 1588 701 1657 famulusvindexque
710 1591 827 1642 Dianae.

140 1658 236 1711 Oenea
246 1671 363 1726 namque
374 1657 480 1720 serunt,
491 1657 566 1724 pleni
575 1661 746 1711 successibus
757 1661 833 1721 anni,
845 1707 853 1719 ,

139 1727 295 1788 Primitias,
304 1726 414 1792 frugem
425 1727 533 1788 Cereri,
543 1741 596 1776 sua
605 1728 669 1778 vina
678 1726 785 1794 Lyaeo,

80 1794 129 1864 275
140 1794 280 1848 Palladios
291 1793 378 1846 flavae
388 1795 485 1846 latices
495 1793 597 1846 libasse
607 1795 759 1848 Minervae.

5 1862 17 1872 “
140 1864 260 1930 Coeptus
270 1864 304 1915 ab
316 1863 444 1931 agricolis
455 1861 577 1930 Superos
588 1865 758 1931 pervenitad
770 1877 867 1919 omnes

138 1932 294 1984 Invidiosus
305 1930 406 1983 borres:
420 1932 496 1984 solas
506 1933 565 1984 sine
574 1938 637 1984 ture
648 1934 760 1985 relictas

59 2022 61 2026 ·
139 2000 311 2052 Praeteritae
321 2014 443 2052 cessasse
454 2002 549 2051 ferunt
557 2000 691 2052 Letoidos
699 2017 772 2053 eras.

138 2069 242 2135 'l'angit
252 2072 282 2118 et
289 2068 331 2117 ira
341 2068 426 2119 Deos.
446 2067 482 2118 At
490 2083 547 2120 non
557 2064 668 2136 impune
680 2069 817 2133 feremus3

80 2145 129 2198 280
139 2135 273 2202 Quaeque
283 2132 482 2198 inhonoratas,
493 2151 550 2187 non
561 2143 590 2189 et
599 2138 724 2190 dicemur
734 2139 858 2202 inultae;

19 2247 22 2251 .
79 2241 97 2265 ,
138 2205 245 2272 lnquit:
260 2209 289 2256 et
299 2205 409 2254 Oeneos
419 2204 539 2256 ultorem
550 2213 644 2272 spreta
653 2222 703 2272 per
713 2221 796 2273 agros

140 2275 219 2326 Misit
228 2286 337 2338 aprum:
354 2279 457 2338 quante
469 2275 588 2325 maiores
599 2273 715 2326 herbida
725 2281 824 2327 tauros

104 2342 115 2348 ’
136 2342 199 2395 Non
210 2340 411 2406 habetEpiros=
423 2342 472 2393 sed
483 2341 586 2393 habent
592 2342 685 2394 Sicula
696 2358 763 2394 arva
772 2345 867 2395 minor

137 2411 277 2478 Sanguine
288 2414 318 2460 et
326 2409 390 2475 igne
405 2412 509 2461 micant
518 2412 606 2474 oculi,
615 2412 688 2462 rivet
697 2413 787 2463 ardua
796 2415 867 2466 cersi

77 2478 127 2532 285
137 2480 175 2531 Et
184 2485 261 2531 setae
272 2477 365 2529 densis
374 2479 479 2531 similes
490 2477 634 2532 hastilibus
665 2487 774 2532 orrent:

85 2598 89 2602 .
139 2545 286 2615 [stantque
296 2546 501 2615 seminalium,
512 2548 589 2599 velut
599 2549 658 2599 alta
668 2547 780 2600 hastilia
791 2555 867 2603 setae

29 2623 32 2628 ’
128 2615 800 2683 Fervidacumreucolatosstridoreperannuns
