1950 3292
179 137 214 188 oo
340 158 344 168 ·
376 132 408 184 r.
428 104 768 183 ovrnn‘n'nsoms

127 243 172 295 -15
182 238 304 306 Occupat
315 250 454 288 aversum:
470 247 523 283 neu
534 245 618 281 seeva
628 235 789 296 retorquent
801 233 859 288 ora,
932 252 937 257 ·

127 284 133 312 Ι
182 307 368 375 squamigeris
380 303 473 353 aridos
482 302 544 368 tigit
555 300 705 351 cernicibus
716 298 822 364 ungues
830 316 840 346 ι,

183 377 228 427 sic
238 377 322 428 celeri
334 376 426 423 {issum
438 383 569 435 praeceps
580 369 722 433 perinane
733 368 826 417 roiniu

182 447 274 511 Terga
286 444 361 493 ferae
372 440 484 506 pressit3
503 437 655 503 dextroque
669 435 815 487 frementis
824 437 853 484 in
864 447 940 487 armo
971 485 975 490 ,

182 512 324 564 Inachides
336 509 441 559 serrum
453 521 536 555 curro
548 503 850 556 tenusobdiditbamo.

126 605 174 639 -20
182 581 305 633 Vulnere
316 579 393 627 laesa
404 575 481 642 gravi
494 574 575 637 modo
586 589 615 623 sn
627 573 753 623 sublimis
763 575 791 623 in
803 588 889 623 aures

181 648 303 700 Attoilit:
315 646 396 696 modo
408 644 501 695 subdit
510 643 601 708 aquis:
618 642 700 693 modo
711 656 788 693 more
800 641 900 692 ferocis

182 716 282 766 Versat
292 716 361 781 apri,
372 728 453 781 quem
463 712 547 762 turba
558 726 656 761 canum
667 712 939 774 oireunrsoneterret

181 786 234 837 lile
246 784 340 835 avidos
351 797 459 833 morsus
469 781 609 831 velocibus
620 778 719 846 effugit
729 779 794 830 alis:

88 898 91 903 .
183 855 298 921 Quaque
313 856 422 918 petent,
438 865 511 900 nune
524 855 605 915 terga
619 850 691 966 oarqs
707 862 791 914 super
805 848 897 898 obsita

123 964 128 977 ,
444 951 451 959 -
599 932 718 979 concis,

127 993 173 1058 725
184 990 263 1041 Nune
274 989 393 1038 luterum
406 995 509 1047 costes,
520 1001 592 1035 nuno
601 999 657 1052 qua
666 986 830 1036 tenuissima
840 984 928 1036 cauda

20 1065 23 1068 ’
36 1060 39 1065 “
86 1101 88 1105 .
184 1054 295 1110 Desinit
305 1058 331 1106 in
343 1057 460 1121 piscem,
472 1054 576 1105 falcato
586 1055 715 1106 verberat
726 1069 799 1106 ense.

26 1130 31 1155 '
47 1136 51 1146 ‘
184 1127 286 1178 Bollua
297 1126 412 1191 puniceo
424 1127 519 1174 mistos
531 1139 592 1174 cum
604 1125 737 1189 sanguine
747 1123 851 1175 fluctus

156 1234 158 1238 v
185 1197 240 1246 Orc
251 1196 346 1245 vomit.
366 1194 501 1244 Maduere
512 1207 610 1258 graves
621 1193 784 1260 adspergine
796 1206 910 1258 pennae,

184 1265 243 1316 Nec
251 1264 355 1314 bibulis
366 1263 441 1311 ultra
451 1262 568 1312 Perseus
580 1259 714 1312 talaribus
724 1276 809 1311 ausus

127 1338 174 1402 530
184 1333 317 1394 Credere3
332 1331 477 1394 conspexit
486 1327 644 1392 scopulum,
656 1330 702 1396 qui
714 1330 817 1381 vertice
829 1343 934 1380 summo

104 1462 107 1468 Δ
184 1398 326 1450 Stantibus
338 1400 396 1448 exit
406 1398 497 1464 aquis3
513 1398 638 1461 operitur
647 1399 681 1447 ab
687 1411 814 1465 -aequore
825 1404 910 1450 moto.
940 1454 942 1459 k

181 1469 269 1519 Nixus
280 1481 326 1528 eo,
336 1467 465 1533 rupisque
476 1471 574 1516 tenens
584 1466 650 1533 iuga
660 1468 748 1531 primu
758 1469 879 1530 sinistra,
925 1461 933 1474 ⁸

182 1540 240 1588 'l'er
250 1543 348 1604 quater
357 1537 450 1602 exegit
460 1536 583 1600 repetita
591 1549 642 1600 per
651 1535 702 1587 iba
711 1535 825 1588 ferrum.

182 1607 294 1658 Littora
305 1621 366 1656 cum
378 1604 477 1671 plausu
491 1603 597 1654 clamor
605 1619 773 1672 superasque
784 1604 912 1657 Deorum
955 1604 964 1637 ·'

127 1679 173 1745 735
183 1676 336 1740 lmpierere
348 1675 453 1724 donros.
465 1673 602 1734 Gaudent,
611 1688 800 1741 generumque
811 1675 942 1735 salutent,

89 1766 102 1805 ς,
182 1744 379 1808 Auxiliumqne
387 1742 485 1793 donnus
495 1746 720 1809 servatoremque
732 1743 858 1795 fatentur
918 1767 922 1772 ·

183 1813 326 1879 Cassiope,
338 1810 518 1877 Cepheusque
528 1817 616 1876 pater.
635 1813 771 1863 Resoluta
781 1814 888 1864 eatenis
970 1832 973 1837 ·

180 1882 390 1949 luceditnirgm
402 1883 577 1946 pretiumque
588 1885 617 1932 et
626 1895 724 1932 caussa
735 1881 848 1933 laboris.

181 1953 244 2016 lpse
253 1965 350 2003 manus
362 1949 462 2000 heusta
472 1950 599 2000 victrices
607 1950 699 2001 obluit
709 1950 794 2003 unda:

125 2019 513 2091 7‘roAnguiferumqueeaput
522 2017 593 2068 dura
602 2032 637 2070 ne
647 2018 741 2070 laedat
750 2033 844 2081 arena,
910 2028 912 2033 '

182 2087 278 2138 Mollit
287 2085 401 2137 humum
412 2085 501 2135 foliis:
516 2092 651 2154 natasque
661 2088 712 2139 sub
722 2102 845 2154 aequore
854 2091 945 2156 virgas

183 2155 302 2217 Sternit,
314 2161 342 2211 et
352 2156 469 2221 imponit
480 2153 672 2222 Phorcynidos
683 2172 734 2208 ora
744 2157 888 2210 Medusae.

183 2225 271 2292 Virga
280 2239 391 2286 reeens,
403 2224 551 2292 bibulaque
563 2227 713 2277 etiamnum
723 2227 928 2290 riramedullu,

182 2291 244 2345 ium
254 2294 629 2361 rapuitmonstri‚tactuque
639 2295 764 2346 induruit
774 2292 870 2347 huius:

126 2362 173 2436 745
182 2361 364 2430 Percepitque
375 2378 478 2415 norum
485 2365 569 2420 ramis
580 2369 609 2414 et
619 2361 716 2417 fronde
725 2364 858 2431 rigorem.

52 2436 73 2475 6
181 2432 217 2482 At
227 2432 320 2500 pelagi
330 2431 476 2498 Nymphae
487 2431 592 2482 factum
602 2432 728 2485 mirabile
738 2438 849 2485 tentent
905 2482 908 2487 .

182 2499 313 2552 Pluribus
323 2501 353 2551 in
362 2501 459 2568 virgis,
471 2505 499 2552 et
508 2501 582 2553 idem
593 2504 754 2571 coptingere
764 2505 900 2571 gandent:

184 2566 350 2638 Seminaque
360 2585 395 2622 ex
405 2570 461 2620 iliis
472 2573 576 2622 iterant
586 2573 689 2624 iactata
698 2586 750 2638 per
760 2573 856 2634 undas.

183 2635 383 2708 Nunc'quoque
394 2640 507 2692 curaliis
518 2640 616 2695 eade'm
624 2646 727 2695 natura
736 2643 878 2708 remansit,

195 2900 289 2924 A
