1950 3292
268 163 271 168 ,
306 105 578 172 Portitor-arcuerat.
598 103 709 174 Septem
720 111 813 160 tamen
823 109 873 161 ille
883 109 934 164 diei

255 182 258 187 ’
307 174 456 245 Squalidus
465 174 494 224 in
504 175 576 240 ripa,
588 174 697 226 Cereris
708 177 767 228 sine
778 193 905 242 munere,
916 195 934 230 si

262 245 294 316 75
305 247 379 298 Cura
389 242 526 310 dolorque
534 242 625 305 animi,
637 244 824 312 lacrimaeque
834 247 934 300 alimen

306 316 376 367 Esse
382 314 459 366 Deos
468 311 552 362 Erebi
561 312 688 364 crudeles
699 321 825 382 questus,
835 317 864 367 in
875 316 934 368 alta

306 383 342 438 Se
352 383 451 450 recipit
460 378 627 452 Rhodopen,
637 382 804 505 pulsuffque
814 384 934 454 Aquilou

749 468 857 505 aemon

304 525 418 578 Tertius
428 523 574 590 aequoreis
583 521 720 574 inclusum
731 522 855 576 Piscibus
866 540 934 577 anno

220 635 223 641 ,
303 594 429 647 Finierat
437 593 537 658 Titan:-
551 606 715 656 omnemque
726 591 869 658 refugerat
880 595 934 659 Orq

217 663 221 684 ⁵
260 664 293 718 so
302 663 463 717 Femineam
472 660 626 723 Venerem
640 674 690 710 sou
699 659 772 726 quod
782 659 856 711 male
868 675 934 712 cess

206 774 222 794 e„
302 731 366 784 Sive
376 729 459 782 iider‘n
469 729 594 781 dederat
613 728 719 780 Multas
729 732 822 778 tamen
833 729 934 781 ardorl

300 803 420 868 iungere
430 799 541 852 serati:
556 797 661 850 multae
671 796 786 849 doluere
795 798 934 864 repulsae.

300 870 355 924 llle
365 871 451 921 etiam
461 867 602 920 Thracum
613 866 723 932 populis
733 865 787 916 fuit
797 872 907 929 auctor,
918 882 934 917 a

299 940 333 991 lu
343 944 456 990 teneros
466 935 620 987 transferre
630 950 732 986 mares:
749 937 873 1002 citraque
884 937 934 986 inv«

258 1009 291 1065 85
302 1009 408 1062 Aetatis
418 1006 503 1057 breve
512 1019 574 1066 ver,
585 1009 614 1056 et
623 1005 724 1070 primos
736 1018 851 1069 carpere
860 1004 934 1057 tiore:

337 1076 423 1128 Collis
435 1079 509 1136 erat,
520 1073 674 1140 collemque
684 1087 767 1139 super
777 1073 934 1139 planissima

301 1148 385 1197 Area:
402 1159 486 1211 quam
496 1143 613 1194 viridem
624 1142 763 1193 faciebant
773 1144 905 1208 graminis
916 1142 934 1192 h

300 1215 405 1268 Vmbra
415 1213 479 1262 loco
489 1209 594 1262 deerat.
616 1211 678 1271 Qua
687 1215 833 1276 postquam
845 1217 925 1276 parte

299 1283 353 1347 Dis
363 1280 473 1347 genitus
484 1283 573 1340 rates,
585 1283 613 1328 et
623 1277 671 1329 fila
680 1281 809 1329 sonantia
819 1283 918 1343 inovit3

256 1368 289 1422 9⁰
298 1350 404 1403 Vmbra
413 1347 474 1398 loco
485 1348 570 1397 venit.
590 1346 652 1397 Non
663 1345 784 1397 Chaonis
793 1347 883 1398 abfuit
893 1349 934 1399 arl

298 1417 361 1470 Nou
371 1431 468 1468 nemus
474 1413 635 1477 Heliadum,
640 1429 697 1465 non
703 1414 849 1467 frondibus
855 1432 934 1469 aeson

298 1485 358 1540 Nec
368 1485 446 1538 tiliae
456 1484 571 1547 molles,
581 1499 632 1535 nec
644 1482 737 1551 fagus,
749 1494 777 1535 et
786 1487 890 1538 innuba
900 1486 934 1537 lar

298 1557 337 1609 Et
347 1554 436 1622 coryli
447 1553 574 1619 fragiles,
586 1558 616 1604 et
625 1552 751 1603 fraxinus
760 1555 838 1605 utilis
848 1554 934 1606 hastis

299 1624 461 1690 Enodisque
469 1623 557 1683 abies,
568 1624 736 1686 curvataque
746 1622 895 1686 glandibus
904 1624 934 1675 ilr

257 1698 290 1766 95
300 1694 338 1745 Et
347 1691 479 1759 platanus
489 1689 620 1758 genialis,
630 1704 750 1756 acerque
762 1691 900 1743 coloribus
910 1694 934 1742 in

300 1759 515 1828 Amuicolaeque
524 1759 607 1810 simul
616 1757 728 1820 salices,
739 1764 768 1810 et
778 1758 934 1827 aquatica'lr

299 1830 497 1897 Perpetuoque
504 1831 596 1880 virens
605 1829 708 1889 buxus,
718 1832 872 1895 tenuesque
880 1844 934 1895 mys

299 1899 337 1950 Et
346 1897 454 1950 bicolor
464 1912 492 1946 m
513 1901 586 1956 rtus,
597 1896 727 1946 etbaccis
738 1897 849 1949 caerula
858 1899 934 1948 tinus

298 1964 475 2030 Vosquoque
505 1962 635 2028 exipedcs
645 1961 766 2017 hederae
776 1967 903 2029 venistis,
915 1983 934 2019 e⁴

242 2054 289 2090 roo
298 2033 467 2098 Pampiuoae
476 2033 559 2093 vites,
570 2035 599 2083 et
610 2032 727 2084 amictae
737 2035 839 2086 ritibus
848 2034 930 2086 ulmi:

219 2115 222 2121 ·
299 2103 435 2169 ornique,
446 2104 475 2152 et
486 2101 593 2167 piceae,
604 2114 743 2170 pomoque
754 2108 870 2162 onerata
880 2105 931 2156 rub

298 2171 421 2226 Arbutus
427 2206 436 2233 ,
447 2174 476 2221 et
485 2172 591 2233 lentae,
601 2171 714 2221 victoris
725 2173 859 2238 praemia,
868 2171 934 2239 palu

299 2241 336 2292 Et
345 2241 486 2292 succincta
496 2252 602 2301 comas,
612 2236 774 2308 hirsutaque
785 2242 890 2293 vertice
899 2243 935 2308 pir

301 2307 390 2360 Grata
399 2309 490 2360 Deum
501 2309 596 2358 matri:
614 2308 934 2381 siquidemcybeleiusl

139 2397 146 2404 ·
210 2446 212 2451 ,
243 2375 288 2429 105
298 2375 444 2431 Exuithac
455 2374 769 2444 hominem‚truncoque
780 2377 908 2429 induruit
917 2379 934 2427 il

78 2631 185 2704 *fi

334 2443 430 2498 Adfuit
440 2443 504 2495 huin
513 2445 625 2507 turbae,
635 2451 723 2496 metas
733 2447 855 2508 imitata,
866 2461 934 2512 cupr

289 2512 934 2586 Nuncarior,quaranteheodilsctussniii
