1950 3292
139 134 143 139 '
174 147 228 202 sa·
268 178 273 193 ι
370 147 404 201 r.
422 147 559 201 ov1n11
577 146 758 203 nnsours

172 252 355 320 Incubuitque
365 252 440 305 loco:
456 266 611 320 nomenque
621 254 650 303 in
659 266 796 304 marmore
807 251 910 306 lectum

72 343 78 349 ·
172 320 301 373 Perfudit
311 322 446 383 lacrimis,
457 327 485 372 et
495 328 591 386 aperto
604 328 715 387 pectore
726 321 804 373 fouit.
884 360 889 369 .

111 394 162 449 540
171 389 230 442 Neo
241 393 331 441 minus
341 389 473 441 Heliades
483 389 579 452 status,
589 396 630 452 et,
641 392 735 441 inania
744 392 828 441 morti

170 458 304 520 Munera,
315 458 384 509 dant
394 458 533 510 lacrimas:
549 465 578 509 et
589 474 685 510 caesae
696 466 810 525 pectora
820 459 919 524 palmis

170 527 233 579 Non
245 527 403 577 auditurum
415 529 530 579 miseras
540 527 714 579 Phaethonta
724 529 853 595 querelas

170 595 257 646 Nocte
268 595 367 663 dieque
378 602 490 659 vocant,
501 597 754 664 adsternunturque
763 597 899 663 sepulcro.

86 716 91 725 ,
170 664 251 715 Luna
261 671 361 731 quater
371 667 473 716 iunctis
483 665 614 731 implerat
624 666 753 717 cornibus
765 667 869 719 orbam:

111 735 161 786 ⁵45
170 732 239 784 lllae
250 747 326 785 more
337 750 401 796 suo,
413 749 476 786 nam
487 749 592 786 morem
604 734 795 797 feneratum,

170 801 336 870 Plangorem
348 804 493 872 dederant,
508 805 531 855 E
543 809 603 871 quis
614 802 785 867 Phaethusa,
796 819 928 856 sororum

170 871 304 935 Maxima,
313 887 374 923 cum
385 872 470 924 vellet
480 878 573 924 terrae
583 874 775 938 procumbere,
784 878 930 940 questuosi

169 938 326 1006 Diriguisse
337 941 435 1006 pedes:
450 941 485 991 ad
495 956 578 1008 quam
589 946 688 992 conata
697 943 792 993 venire

149 1009 155 1015 “
169 1008 294 1068 Candida
303 1010 461 1075 Lampetie,
472 1011 563 1060 subita
572 1008 666 1060 radico
676 1015 786 1062 retenta
797 1015 846 1062 eat

78 1105 89 1115 ,
109 1079 159 1132 550
168 1079 280 1140 Tertia,
291 1094 353 1130 cum
365 1079 468 1129 crinem
478 1080 604 1129 manibus
614 1078 721 1130 laniare
731 1084 851 1145 pararet,

77 1176 79 1181 ·
167 1148 270 1197 Avellit
281 1147 403 1217 frondes.
423 1149 502 1199 llaec
513 1149 606 1214 stipite
617 1162 701 1198 crura
710 1150 809 1210 teneri,

167 1215 221 1266 llla
232 1216 309 1268 dolet
318 1218 379 1268 lieri
391 1217 489 1283 longos
501 1231 551 1266 sua
561 1215 675 1266 brachia
685 1229 786 1266 ramos.

167 1282 929 1351 Dumqueeamirantur,complectitur·inguinacortex:

167 1349 275 1423 Perque
286 1352 388 1418 gradus
398 1357 522 1413 uterum,
533 1356 701 1417 pectusque,
711 1350 907 1422 humerosque,

122 1447 125 1452 ·
582 1433 736 1486 manusque
943 1475 945 1478 Α

108 1498 158 1554 555
167 1487 272 1541 Ambit:
288 1492 317 1540 et
326 1489 474 1541 exstabant
484 1492 593 1538 tantum
605 1490 655 1538 ora
664 1491 793 1541 vocantia
802 1495 933 1542 matrem:

167 1558 241 1620 Quid
251 1556 337 1608 saciat
347 1556 453 1609 materi
468 1559 534 1619 uisi,
546 1571 600 1624 quo
608 1556 704 1608 ‘trahat
713 1560 833 1625 impetus
843 1559 929 1620 illam',

167 1628 232 1678 Huc
243 1634 301 1688 eat,
312 1632 395 1693 atque
405 1625 489 1676 illuct
500 1632 537 1687 et,
548 1626 614 1676 dum
624 1625 697 1688 licet,
708 1627 804 1677 oscula
814 1625 930 1695 irrogati

124 1706 128 1713 ’
166 1695 230 1746 Non
241 1697 308 1744 satis
319 1699 375 1756 est3
391 1696 497 1744 truncis
507 1694 627 1745 avellere
638 1708 757 1760 corpora
766 1700 868 1758 tentat,

166 1765 203 1814 Et
212 1769 324 1815 teneros
334 1763 461 1813 manibus
470 1777 563 1830 ramos
575 1764 751 1828 abrumpere:
767 1764 871 1814 atinde
911 1819 916 1823 ,

108 1839 159 1890 560
168 1831 343 1899 Sanguineae
352 1836 479 1894 manant,
494 1837 626 1898 tanquam
638 1832 672 1883 de
682 1832 808 1893 vulnere,
823 1837 927 1897 guttae,

168 1900 268 1962 Parce,
282 1914 395 1965 precor,
411 1904 512 1962 mater,
529 1916 709 2018 quaelcunque
726 1906 769 1952 est
782 1902 884 1962 saucia,

582 1973 697 2019 comat:

167 2036 263 2097 Parce,
273 2049 385 2102 precor:
399 2040 524 2086 nostrum
535 2034 658 2086 laniatur
667 2038 696 2086 in
707 2037 808 2087 arbore
818 2050 927 2102 corpus.

165 2106 280 2172 lamque
290 2103 361 2156 vale.
383 2105 486 2155 Cortex
495 2106 523 2154 in
534 2106 619 2156 rerba
628 2106 777 2165 novissima
786 2105 869 2155 venit

200 2174 269 2226 luda
283 2171 374 2224 iluunt
384 2174 526 2226 laommao:
543 2174 705 2241 stillataque
716 2173 776 2224 sole
785 2175 929 2239 rigescunt

107 2245 157 2300 565
167 2243 211 2294 De
222 2243 307 2292 ramis
317 2241 424 2293 electra
433 2244 523 2292 noris:
540 2257 610 2308 quae
619 2242 728 2293 lucidus
738 2242 826 2291 amnis

166 2312 289 2376 Excipit,
300 2316 329 2362 et
338 2313 453 2362 nuribus
464 2312 549 2361 mittit
558 2312 693 2378 gestanda
702 2310 820 2362 Latinis.

200 2379 298 2430 notuit
308 2378 372 2431 huic
383 2378 505 2430 monstro
517 2380 610 2445 proles
620 2379 779 2431 Stheneleia
789 2379 913 2445 Cycnum

167 2449 222 2512 Qui
232 2449 282 2500 tibi
292 2453 419 2499 materno
429 2450 552 2515 quamvis
562 2464 579 2500 a
589 2449 722 2516 sanguine
732 2449 852 2511 iunctus,
943 2502 947 2506 ,

164 2516 263 2569 Mente
271 2522 381 2580 tamen,
391 2516 544 2580 Phaithon,
554 2519 666 2584 propior
676 2515 737 2568 fuit.
758 2516 810 2569 llle
819 2517 928 2582 relicto,

87 2584 143 2643 570
151 2583 228 2634 Nam
238 2585 380 2654 Ligurum
392 2587 527 2658 populos,
536 2592 566 2640 et
574 2591 809 2654 magnasrexerat
817 2587 909 2655 urbes,

136 2649 366 2730 ¹¹²¹P01’1'011'pat
377 2652 816 2731 urinas,nmuenqusquereln
929 2694 935 2703 .

212 2892 252 2922 A
356 2888 377 2922 k
462 2912 472 2920 .
