1950 3292
32 2408 48 2437 Δ

173 124 207 177 12
360 119 393 172 1³.·
409 118 550 173 ovibu
567 115 750 172 NASONIS

170 188 319 287 Exulolst,
330 221 577 291 frustraqueloqui
588 225 716 274 conatur:
732 219 767 272 ab
777 221 838 287 ipso

172 297 287 364 colligit
298 309 329 346 os
339 294 459 355 rabiem,
469 292 624 359 solitaeque
635 291 764 360 cupidine
775 288 868 343 caedis

113 367 162 451 abb
171 366 301 418 Vertitur
311 364 340 414 in
351 361 493 452 pecudem·
500 366 528 412 et
537 376 611 412 nune
622 376 732 429 quoque
743 360 878 428 sauguine

171 503 203 556 ln
212 502 294 553 villos
305 501 411 552 abeunt
420 499 564 564 restes,in
574 430 664 551 effi?
664 436 774 551 goeni.
851 560 853 565 Ι

172 572 219 622 Fit
228 573 326 638 lupus,
336 573 366 621 et
374 571 476 622 veteris
485 574 578 631 serrat
587 569 704 636 vestigia
715 566 830 621 iorntae.

73 654 79 662 ’
173 641 295 691 Canities
306 638 404 699 eadem
415 645 473 702 est,
482 639 579 691 eadem
588 636 721 691 violentia
731 637 825 688 uultu:

171 709 247 760 idem
259 708 334 760 oculi
343 706 451 760 luee'n't:
466 709 565 760 eadem
576 706 697 760 feritatis
708 706 809 774 imago.

112 773 281 831 aeconomis
290 792 346 828 una
356 777 467 829 domus:
481 777 530 830 se'd
541 791 597 827 non
606 776 705 829 domus
715 790 772 827 una
783 773 876 842 perire

170 845 264 912 Digna
274 845 342 909 fuit3
357 861 414 913 qun
423 853 501 898 terra
510 852 601 912 patet,
611 845 672 898 iera
681 850 781 911 regnat
791 843 922 910 Erinnys.

170 916 204 967 ln
214 914 323 978 facinus
332 915 439 966 iurasse
450 920 540 981 putes.
561 912 638 965 Dent
646 913 724 964 ouius
734 927 840 975 omnes,

172 985 248 1045 Quas
259 992 386 1035 meruere
398 984 470 1050 pati,
479 984 519 1033 sic
528 986 586 1032 stat
595 982 747 1043 sententia,
759 982 876 1047 poenas,
901 994 909 1002 ·

182 1081 185 1087 ⁷
206 1051 375 1104 metatoris
385 1064 527 1120 parsroee
538 1051 670 1118 probant,
680 1051 866 1120 stimulosque
878 1048 919 1103 fu·

587 1120 675 1173 renti.

111 1189 161 1243 245
170 1189 325 1243 Adiieiunt:
340 1188 388 1255 alil
399 1193 494 1256 partes
505 1190 662 1240 assensibus
671 1187 798 1255 implent,

170 1261 223 1311 Est
231 1264 326 1311 tamen
335 1256 450 1311 humani
460 1258 572 1324 generis
581 1258 691 1308 iactura
701 1256 804 1308 dolori'
888 1276 891 1281 ·

171 1328 317 1391 Omnibust
333 1331 374 1391 et,
385 1340 456 1395 quae
467 1326 504 1375 sit
513 1328 621 1386 terrae,
631 1324 799 1376 mortalibus
810 1323 904 1390 orbae,

171 1396 275 1449 Forma
286 1393 395 1458 futura,
407 1398 519 1460 rogant:
535 1395 596 1460 quis
606 1394 644 1443 sit
654 1393 763 1445 laturus
773 1396 802 1445 in
813 1409 893 1445 eras-

134 1524 137 1529 ,
171 1463 267 1515 'l'urai
282 1462 385 1515 ferisne
395 1468 478 1529 paret
486 1461 659 1529 populandas
668 1463 781 1516 tradere
791 1463 900 1516 terrast

112 1533 163 1586 250
172 1531 256 1598 Talia
265 1538 444 1600 quaerentes,
454 1532 506 1584 sibi
518 1531 592 1583 enim
603 1529 664 1584 iore
675 1538 786 1586 caetera
797 1548 891 1593 curae,

171 1599 232 1654 Rex
243 1600 381 1668 Superum
392 1601 533 1669 trepidare
543 1604 632 1665 vetat3
642 1602 822 1671 sobolemque
832 1603 922 1671 priori

171 1670 342 1723 Dissimilem
353 1671 458 1737 populo
470 1671 609 1736 promittit
619 1672 726 1739 origine
737 1673 816 1724 mira.

171 1740 286 1807 lamque
297 1741 396 1791 eratin
406 1744 481 1790 totas
491 1752 639 1805 sparsurus
650 1740 768 1792 fulmina
777 1747 882 1805 terras,

106 1846 109 1858 .
173 1807 229 1860 Sed
238 1809 345 1872 timuit,
356 1825 390 1860 ne
402 1807 476 1860 forte
487 1822 567 1860 sacer
577 1813 620 1861 tot
630 1812 664 1864 ab
675 1810 784 1878 ignibus
794 1808 892 1862 aether

113 1873 163 1928 255
174 1878 339 1944 conciperet
349 1876 487 1941 flammas,
498 1878 654 1947 longusque
665 1879 824 1931 ardesceret
833 1881 903 1932 axis.
944 1900 948 1905 ·

172 1947 242 2000 Esse
253 1962 363 2016 quoque
373 1950 402 1999 in
412 1948 478 1999 fatis
488 1949 690 2011 reminiscitur,
700 1946 789 2001 affore
799 1955 855 1999 tem
876 1963 919 2012 us,

133 2026 147 2106 ι·
173 1964 878 2153 illisitilitillnilltlttllitil⁹⁰²5

132 2109 135 2125 .
284 2122 292 2148 ‚
787 2124 794 2138 ,
834 2122 842 2132 r

174 2154 245 2206 'l‘elo
255 2151 429 2220 reponuntur
439 2156 565 2207 manibus
576 2155 713 2209 fabricata
724 2157 886 2224 Cyelopum.

174 2222 270 2275 Poena
279 2224 372 2290 plaoet
381 2224 503 2290 dive'rsa;
517 2241 605 2293 genus
616 2225 735 2279 mortale
745 2227 796 2277 sub
807 2225 891 2278 undis

174 2291 311 2356 Perdere,
322 2292 395 2347 etex
406 2296 480 2347 omni
490 2295 597 2347 nimbos
609 2297 750 2349 dimittere
762 2294 850 2347 coelo.

173 2361 307 2414 Protinus
316 2364 419 2415 Aeoliis
430 2365 594 2434 Aquilonem
604 2365 710 2417 claudit
719 2366 747 2415 in
757 2366 854 2426 antris,

171 2431 211 2483 Et
220 2445 346 2497 quaeeun
365 2448 401 2485 ue
412 2433 511 2502 fugant
520 2435 648 2488 inductas
657 2434 770 2487 llaurina
780 2434 880 2486 nubesr

173 2501 339 2570 Emittitque
376 2507 461 2555 otum.
482 2503 605 2557 Madidis
615 2504 705 2557 Notus
716 2502 811 2569 evolat
820 2502 884 2566 alis,
914 2542 916 2547 .

96 2570 164 2621 sib
174 2569 340 2623 Terribilem
350 2573 431 2638 picea
439 2577 535 2624 tectus·
542 2573 595 2625 eali
616 2576 660 2625 ine
669 2573 786 2624 vultum.

154 2634 363 2708 Barbagraris
375 2642 494 2712 nimbis;
509 2645 588 2701 oanis
596 2589 751 2698 {uitanda
758 2639 882 2707 anubim

175 2740 190 2775 s
