1950 3292
138 137 192 193 roo
222 194 232 202 ,
316 133 348 188 r.
367 130 706 189 ovrorrursoms
786 176 790 183 .

79 240 128 297 215
138 241 200 308 lpse
209 252 274 290 suos
284 240 404 307 gemitus
414 237 490 290 foliis
499 236 636 288 inscribit:
651 243 681 288 et
689 237 755 288 uiui

138 309 207 362 Flos
212 307 475 375 hebetiuscriptumt
486 304 878 372 funestaquelittcroductaes

42 404 45 409 ·
138 372 878 444 NeogenuissepndetSpartenHyacintlron:honorqr

137 447 231 497 Durat
239 446 269 496 in
277 438 332 495 boc
341 443 411 507 aeri:
427 443 648 508 celebrandaque
658 457 737 494 more
747 444 875 510 priorem

130 517 237 567 ‘Annua
246 512 372 578 pruciam
381 512 501 562 redeunt
509 509 680 576 Hyacinthia
689 511 804 578 pompa.
818 560 821 564 Α
869 534 872 539 ·

80 600 128 635 220
171 585 207 632 At
215 583 239 630 si
250 580 414 646 forteroges
424 576 573 631 fecundam
581 577 878 643 Amathuntametelli,

47 671 49 677 ·
137 652 179 701 An
189 649 318 716 genuisse
328 648 397 700 velit
407 646 601 712 Propoetidas;
617 648 722 698 abnuat
733 661 832 716 aeque,

137 721 227 784 Atque
237 716 316 779 illos,
326 718 435 783 gemino
447 715 586 783 quondum
596 716 694 783 quibus
705 730 808 782 aspera
817 729 878 767 cors

137 785 227 837 Frons
238 790 313 848 erat3
328 784 403 837 unde
412 787 496 836 etiam
506 798 606 835 nornen
616 789 729 835 traxere
740 782 878 837 Ger'astee

137 855 212 905 Ante
220 852 294 905 iores
305 853 404 903 borum
413 854 506 903 stabat
514 853 585 904 lovis
594 851 721 918 Hospitis
731 866 792 915 ara,
812 880 816 886 ·

2 928 4 933 ’
77 923 127 978 225
137 921 277 990 Lugubris
287 921 414 974 sceleris:
425 922 540 988 quamsi
552 922 612 986 quis
623 923 757 987 sanguine
766 923 878 974 tinctam

137 989 385 1053 Advenavidissct3
401 989 743 1041 mactatoscrederctillic

138 1058 286 1111 Luctentes
296 1056 662 1121 vitulos,.lmuthusiacasve
673 1058 816 1110 bidentes:
846 1084 849 1088 ·

137 1129 249 1195 Hospes
260 1131 321 1178 erat
332 1142 436 1180 caesus.
456 1125 547 1178 Sacris
558 1121 665 1178 offensa
674 1126 815 1190 nefandis,
831 1186 835 1191 ,

137 1197 201 1263 Ipsa
210 1211 275 1248 snas
285 1197 380 1258 urbes,
392 1194 581 1262 Ophiusiaque
591 1210 657 1246 arva
666 1196 787 1261 parabat
809 1225 812 1229 ι

80 1264 131 1319 edo
138 1265 276 1319 Deserere
286 1265 360 1316 olma
369 1264 469 1317 Venus.
488 1261 543 1336 Sed
554 1264 620 1330 quid
629 1263 692 1316 loca
701 1268 796 1331 gratu,
807 1263 875 1332 quid

553 1334 638 1384 urbes
786 1363 789 1369 -
810 1383 816 1391 ,
840 1361 844 1365 -

139 1401 292 1453 Peccauere
304 1399 403 1452 menei
415 1398 489 1466 quod
498 1400 603 1452 crimen
610 1435 618 1462 ‚
630 1399 712 1463 dixit,
722 1402 753 1452 in
762 1398 840 1453 illisi

139 1469 246 1520 Exsilio
257 1482 373 1534 poenam
385 1470 478 1534 potius
487 1483 554 1535 gens
565 1469 651 1535 impia
660 1470 773 1535 pendat,

138 1537 193 1590 Vel
202 1553 284 1600 necc3
295 1537 341 1588 vel
348 1538 372 1586 si
384 1537 449 1605 quid
459 1538 581 1588 medium
592 1539 743 1605 mortisque
753 1538 878 1606 fugaequ

138 1607 225 1675 idque
234 1605 299 1674 qnid
310 1620 370 1658 esse
379 1610 484 1672 potest,
498 1609 551 1656 nisi
561 1620 656 1657 versae
667 1620 759 1671 poena
768 1609 874 1674 ligurus

80 1676 127 1730 235
139 1676 213 1727 Dum
224 1676 345 1736 dubitat,
356 1689 412 1742 quo
421 1679 511 1725 mutet
521 1690 585 1737 eos,
597 1674 632 1725 ad
643 1689 747 1727 cornua
757 1675 868 1727 vultum

138 1744 244 1796 Fluxit:
261 1747 289 1794 et
299 1742 442 1793 admonita
451 1747 495 1794 est
503 1741 571 1794 haec
580 1741 637 1794 illis
647 1758 729 1809 posse
738 1743 875 1812 relinquis

140 1812 318 1880 Grandiaque
328 1812 358 1863 in
367 1816 461 1864 toruos
470 1810 654 1865 transformat
664 1814 789 1865 membre
798 1814 841 1865 iu·

283 1906 285 1910 ·
416 1925 420 1929 .
553 1894 661 1932 venees.

175 1949 247 2002 Sunt
255 1954 349 2001 tamen
360 1950 516 2002 obscoenae
523 1947 660 2002 Venerem
671 1948 858 2016 Propoetides

555 2032 639 2070 ausae

140 2086 210 2137 iisse
218 2098 321 2152 negare
330 2084 432 2137 Deam:
448 2099 499 2150 pro
510 2099 565 2153 quo
576 2100 639 2148 sua,
650 2088 770 2138 numinis
780 2088 834 2149 ira,

81 2156 130 2208 nio
142 2156 268 2221 Corpora
278 2167 339 2205 cum
351 2153 442 2204 forma
453 2156 559 2220 primae
569 2155 698 2221 vulgasse
709 2155 850 2208 feruntur.

140 2224 234 2291 thuc
245 2223 335 2288 pudor
345 2224 440 2282 cessit,
450 2226 618 2291 sanguisque
626 2225 755 2276 induruit
764 2225 832 2288 oris,

139 2293 171 2345 In
182 2292 300 2360 rigidum
312 2305 397 2356 paruo
407 2291 512 2343 silicem
523 2292 681 2345 discrimine
690 2307 797 2347 versae.

175 2362 251 2422 Quas
261 2359 495 2428 quiaPygmalion
504 2374 601 2412 aevum
612 2375 661 2427 per
671 2363 778 2415 crimen
788 2368 878 2431 agent

140 2430 270 2491 Viderat,
282 2428 404 2480 offensus
413 2431 499 2492 uitiis,
509 2433 580 2497 q'uae
590 2430 713 2496 plurima
722 2433 813 2484 menti

81 2494 129 2547 245
140 2495 289 2549 Femineae
299 2497 405 2552 Naturu
415 2498 505 2559 dedit,
516 2499 575 2552 sinc
585 2500 701 2566 coniuge
712 2498 823 2553 caelebs

138 2566 272 2619 Vivebat:
286 2565 456 2633 thalamique
468 2566 515 2617 diu
526 2573 653 2620 consorte
663 2569 787 2623 carebat.

140 2634 252 2689 luteres
262 2637 373 2691 nircum
383 2638 457 2690 mira
464 2635 584 2694 feliciter
593 2641 654 2694 etto
