1950 3292
180 162 216 215 es
303 120 306 131 ’
352 158 755 236 ··r.ovrn11ssrsou1s

181 265 310 332 Nympha
321 265 399 316 colit:
415 263 463 314 scd
475 279 524 313 nec
533 264 677 314 nortatibus
688 269 765 329 opta,
776 278 826 314 noc
838 276 917 312 arcus
965 320 967 325 Ι

180 335 308 393 Flectere
319 349 388 401 quae
400 332 500 391 soleat,
511 348 561 382 nec
572 347 642 398 quae
653 333 819 383 contendere
830 346 911 380 cursu
922 351 929 381 .·
963 394 966 401 Ι

153 408 155 413 “
181 402 301 471 Solaque
311 399 448 453 'Naiadum
460 401 543 450 celeri
555 416 608 450 ncrn
619 407 687 450 note
697 401 812 461 Dionae,

122 469 171 521 505
182 471 269 536 Saepe
279 486 343 520 suas
354 469 394 518 illi
407 468 480 518 famo
491 476 533 520 est
544 470 646 519 dixisse
656 484 777 518 sorores:

139 596 144 612 Ι
180 538 311 600 Sdlmaci,
321 539 366 589 rel
377 537 510 599 iaculum,
522 537 564 588 vel
575 540 661 603 pictas
671 553 750 589 sume
762 535 920 602 pharetram

180 609 217 658 Et
226 614 274 656 tue
285 622 346 658 cum
357 606 433 656 duris
444 608 587 656 venatibus
599 607 656 656 otia
665 608 757 656 misce.

181 675 239 726 Nec
249 676 368 725 iaculum
379 677 476 737 sumit,
488 691 538 726 nec
550 677 635 741 pictas
645 675 694 724 illa
704 672 862 740 pharetras:

97 786 100 797 .
180 743 237 795 Nec
247 759 297 793 suo
309 758 370 794 curn
381 744 458 794 duris
467 746 611 795 screatibus
622 744 679 794 otis
690 745 797 793 miscet:

121 819 172 871 510
182 811 236 864 Sed
247 813 329 863 modo
341 812 418 863 fonte
429 827 479 863 suo
491 813 626 862 formosos
636 812 739 876 perluit
749 818 839 861 artus:
927 835 932 841 ·

181 880 270 946 Saepe
282 883 429 946 Cytoriaco
441 882 552 932 deducit
562 882 670 947 pectine
681 880 784 942 crines3
861 922 864 927 ,
928 879 933 883 ’

121 976 128 1009 ,ι
180 950 217 1000 Et
228 950 292 1016 quid
303 966 333 1000 se
344 951 452 1011 deceat,
462 955 598 1015 spectatas
611 949 730 999 consulit
739 949 837 999 undas.

118 1012 127 1026 '
181 1017 262 1068 Nunc
271 1018 422 1083 perlucenti
434 1017 605 1069 circumdata
615 1030 715 1082 corpus
726 1018 838 1080 amictu,

182 1086 317 1136 Mollibus
329 1093 378 1136 aut
387 1085 475 1149 foliis,
487 1094 537 1137 aut
546 1085 676 1137 mollibus
686 1087 798 1136 incubat
808 1085 908 1137 herbis.

124 1161 174 1214 315
184 1154 272 1221 Saepe
282 1154 351 1221 legit
359 1154 453 1207 flores:
470 1162 498 1207 et
507 1162 573 1206 tunc
585 1170 694 1222 quoque
705 1154 778 1205 forte
789 1154 909 1222 legebat,

145 1232 154 1269 ·.
185 1226 253 1274 Cum
264 1239 380 1289 puerum
390 1225 471 1274 vidit:
482 1227 625 1289 risumque
637 1225 742 1288 optarit
752 1222 861 1276 habere.

183 1291 242 1343 Nec
253 1298 346 1342 tamen
357 1296 420 1342 ante
431 1294 512 1353 adiit,
523 1293 574 1341 etsi
585 1291 755 1356 properabat
765 1293 850 1355 adire,

184 1361 273 1421 Quem
283 1374 312 1409 se
324 1363 491 1424 composuit,
502 1373 584 1426 quam
594 1360 792 1425 circumspexit
801 1363 925 1422 amictus,

183 1429 221 1478 Et
230 1426 480 1489 tinxitmrltum3et
489 1429 591 1477 meruit
600 1426 722 1478 formosa
731 1430 828 1480 videri.
917 1471 921 1485 ‚

37 1515 49 1553 .‘
125 1508 175 1557 320
183 1499 262 1569 Tpnc
273 1497 313 1545 sic
322 1509 387 1546 orsa
397 1496 486 1563 loqui!
501 1495 615 1547 Puero!
633 1496 794 1564 dignissime
805 1499 879 1550 credi

33 1561 39 1568 ’
184 1567 252 1616 Esse
264 1564 354 1628 Deus,
368 1570 458 1615 scuto
468 1565 596 1628 Deus-es,
607 1571 685 1630 potes
697 1581 757 1617 esse
770 1567 890 1633 Cupido:

186 1632 289 1685 Sivees
299 1633 439 1696 mortalis3
454 1635 501 1700 qui
511 1638 539 1685 te
549 1647 684 1699 genuere,
694 1635 781 1684 besti:

185 1705 223 1753 Et
233 1701 320 1752 frater
331 1701 412 1765 felix,
422 1706 450 1752 et
460 1701 603 1754 fortunata
612 1701 737 1768 prolecto

173 1769 216 1821 *Si
226 1786 281 1836 qua
290 1771 341 1821 tibi
351 1774 497 1830 sororest,
511 1776 551 1831 et,
563 1785 633 1837 quae
644 1770 720 1822 dedit
729 1772 829 1834 ubere,
838 1773 932 1823 nutrix

126 1849 176 1900 325
186 1838 242 1891 Sed
252 1840 333 1906 longe
345 1842 463 1902 cunctis,
475 1840 611 1906 longeque
622 1842 761 1905 potentior
772 1840 837 1902 illis,

188 1907 216 1958 Si
228 1923 282 1974 que
293 1909 341 1958 tibi
353 1923 454 1974 sponse
465 1913 519 1971 est;
534 1910 650 1975 siquam
662 1908 811 1975 dignabere
821 1911 911 1960 taeda.

185 1977 264 2026 Haec
273 1977 323 2026 tibi
335 1977 391 2026 sive
403 1978 496 2043 aliqua
505 1983 560 2039 est;
571 1992 633 2029 mea
642 1978 679 2026 sit
689 1976 928 2043 surtiravoluptas

188 2044 242 2095 Seu
253 2039 331 2094 nulla
342 2049 397 2106 est;
414 2059 465 2112 ego
476 2046 540 2095 sim:
555 2043 762 2112 thalamumque
773 2048 899 2098 ineamus

212 2114 215 2119 ’
601 2114 727 2165 eundem.

187 2180 252 2231 Nais
263 2182 297 2231 ab
308 2179 350 2230 bis
360 2183 459 2232 tacuit:
476 2183 556 2247 pueri
567 2182 652 2233 rubor
662 2198 712 2233 ore
721 2185 836 2246 notavit,

129 2252 177 2301 350
188 2249 287 2300 Nescia
296 2250 363 2315 quid
373 2252 409 2301 sit
419 2266 508 2301 annor:
525 2250 573 2301 sed
584 2254 613 2302 et
623 2253 766 2303 erubuisse
777 2252 899 2305 decebat.

187 2319 241 2368 llic
251 2318 328 2368 color
338 2321 431 2384 aprica
441 2320 624 2384 pendentibus
635 2321 735 2371 arbore
744 2323 842 2385 pomis,

186 2389 243 2438 Aut
252 2387 329 2438 ebori
340 2389 427 2438 tincto
438 2395 491 2449 est,
502 2395 551 2438 aut
561 2389 611 2438 sub
621 2388 740 2439 candore
751 2391 870 2453 rubenti,

188 2456 255 2505 Cum
269 2456 373 2506 frustra
381 2464 513 2508 resonant
523 2472 589 2507 aere
600 2457 759 2519 auxiliaria,
769 2458 875 2512 Lunae.

187 2521 316 2575 Poscenti
326 2524 471 2592 Nymphae
480 2527 539 2576 sine
549 2528 604 2576 line
614 2527 722 2577 sororia
731 2527 832 2578 saltem
914 2548 917 2553 >

113 2593 168 2643 555
178 2593 297 2656 oscula,
308 2596 420 2666 iamque
432 2610 530 2649 merrus
541 2594 577 2647 ud
587 2595 712 2647 eburneo
719 2594 911 2658 collaterentl,

161 2659 304 2743 Desinis?
315 2683 356 2720 on
368 2668 451 2735 fugio
476 2675 650 2738 tecumque,
658 2661 934 2728 simisturdmupnb

725 2763 729 2791 l

29 920 45 956 Ι
