1950 3292
165 120 218 175 248
276 137 282 149 ’
355 118 385 172 Ρ.
405 119 545 173 ovibu
562 118 740 175 nasonis

28 232 31 239 '
107 225 157 278 440
167 226 251 287 Cure,
262 227 366 290 potest,
378 224 491 286 coniux3
507 224 674 291 nimiumque
684 239 715 285 es
726 229 821 276 certus
834 227 932 292 eundij
959 226 963 241 '

167 295 215 345 Me
226 305 335 362 quoque
346 292 416 343 tolle
425 291 515 342 simul.
537 294 617 344 Certe
628 293 794 345 iactabimur
802 310 875 349 uua:

167 361 234 425 Nee,
245 363 296 433 nisi
303 368 374 428 quae
379 362 478 426 patiar,
485 366 619 429 metuam:
631 363 791 428 pariterque
799 362 933 428 feremus,

160 429 308 499 ¹Quidquid
318 429 384 480 erit:
396 429 501 493 pariter
511 444 594 495 super
605 431 931 496 aequoralataseremur.

168 499 283 551 Talibus
293 497 416 549 Aeolidis
427 497 506 548 dictis
517 497 691 565 lacrimisque
702 507 832 552 moretur
912 556 916 563 ,

49 631 52 635 ¹
107 563 158 619 445
170 567 299 630 sidereus
309 567 421 615 coniux:
431 581 519 632 nequo
526 568 598 630 enim
604 568 694 618 minor
699 569 771 634 iguis
776 570 806 620 in
811 571 873 636 ipso
879 562 927 625 est.

129 686 130 691 ,
167 636 222 688 Sed
232 650 321 702 neque
330 636 487 701 propositos
498 635 590 702 pelagi
601 635 740 689 dimittere
751 652 862 701 cursus,

165 705 224 757 Nec
234 704 293 754 vult
303 703 468 770 Halcyonen
478 705 506 761 in
516 711 623 769 partem
635 703 766 757 adbibere
777 708 890 771 pericli:

165 773 313 839 Multaque
323 772 481 838 respondit,
492 773 618 823 timidum
629 773 749 823 solantia
760 780 867 840 pectus.

164 841 225 895 Nee
235 847 329 893 tannen
340 840 443 892 idcirco
454 855 580 892 caussam
591 842 699 907 probat.
718 841 835 893 Addidit
844 843 901 905 illis

106 906 155 962 450
166 913 229 964 Hoc
239 924 350 978 quoquc
359 911 493 972 lenimen,
505 925 559 976 quo
570 909 630 960 solo
641 908 718 960 flexit
728 920 884 963 amantemt

164 981 263 1047 Longa
273 978 382 1046 quidem
393 980 471 1029 nobis
483 980 571 1028 omnis
581 992 671 1028 mora:
685 978 733 1029 sed
744 980 796 1030 tibi
805 981 871 1033 iuro

164 1050 219 1103 Per
229 1048 336 1116 patrios
344 1049 434 1114 ignes,
444 1048 468 1097 si
479 1062 522 1099 me
532 1046 683 1097 modulata
692 1047 847 1111 renutteut,

164 1121 235 1171 Ante
244 1131 434 1178 reversurum,
446 1131 528 1184 quam
538 1116 618 1168 Luna
628 1115 669 1166 bis
679 1115 795 1181 impleat
804 1120 910 1171 orbem.

163 1188 217 1240 llis
227 1187 274 1238 ubi
282 1181 425 1254 promissis
436 1200 497 1251 spes
509 1190 551 1236 est
561 1184 672 1235 admota
683 1199 827 1249 recursus3

104 1255 153 1312 455
162 1257 294 1316 Protinus
305 1255 431 1326 eductam
443 1254 584 1305 navalibus
594 1267 715 1320 aequore
726 1254 805 1321 tingi,

162 1325 315 1391 Aptarique
323 1324 380 1373 suis
390 1325 484 1388 pinum
495 1323 572 1372 iubet
582 1323 768 1374 armamentis.

162 1395 225 1455 Qua
235 1405 331 1441 rursus
342 1391 411 1452 visa,
421 1390 506 1441 veluti
518 1405 654 1456 praesaga
664 1391 761 1453 futuri,

162 1460 281 1512 Horruit
289 1457 449 1525 Halcyone:
465 1457 649 1525 lacrimasque
660 1461 752 1510 emisit
761 1460 891 1527 obortasp

162 1528 366 1596 amplexusque
376 1527 463 1578 dedit:
478 1528 606 1595 tristique
617 1528 773 1579 miserrima
784 1531 899 1583 tandem

101 1596 152 1652 460
162 1600 234 1660 000,
244 1595 327 1658 Vale,
339 1596 420 1648 dixit:
436 1595 614 1664 collapsaque
626 1612 743 1662 corpore
752 1602 813 1648 tota
823 1602 877 1651 est.

162 1672 213 1722 Ast
222 1669 347 1727 iuvenes,
358 1671 509 1732 quaerente
520 1679 613 1715 moras
625 1665 728 1731 Ceyce,
738 1666 880 1719 reducunt

163 1735 313 1788 Ordinibus
323 1733 440 1801 geminis
451 1732 484 1784 ad
496 1732 581 1784 fortia
591 1741 705 1798 pectora
715 1748 821 1798 remos:

161 1803 332 1871 aequalique
342 1803 400 1852 ictu
409 1802 538 1853 scindunt
549 1801 629 1853 freta.
652 1800 771 1854 Sustulit
780 1803 834 1855 iila

162 1874 318 1924 Humentes
330 1870 442 1935 oculos3
457 1872 668 1938 stantemquein
679 1885 769 1938 puppe
779 1885 909 1937 recurva,

102 1938 152 1992 465
164 1943 358 2006 concussaque
368 1955 451 1990 000000
461 1940 573 1991 dantem
583 1940 635 1990 sibi
646 1941 724 2005 signa
734 1941 868 1991 uraritum

163 2009 257 2060 Prima
267 2007 354 2068 videt,
364 2006 510 2072 redditque
520 2013 609 2058 notas.
629 2007 683 2060 Vbi
692 2013 770 2061 terra
779 2010 900 2061 recessit

162 2075 300 2141 Longius3
312 2079 395 2141 atque
406 2074 479 2124 oculi
489 2080 630 2141 nequeunt
639 2090 806 2142 cognoscere
815 2077 927 2141 vuitus}

162 2143 238 2196 Dum
248 2142 324 2205 lieet,
334 2143 489 2210 insequitur
499 2141 651 2210 fugientem
661 2144 765 2197 lumine
776 2147 883 2212 pinum.

161 2209 928 2280 Haecquoqueuthaudpoterat,spatiosubmotn,rideri;

102 2283 153 2353 470
162 2281 235 2334 Vela
244 2286 338 2332 tamen
347 2284 455 2345 spectat
464 2295 573 2332 summo
585 2280 722 2333 fliritantia
732 2282 816 2333 malo.

162 2350 202 2402 Vt
212 2365 264 2402 nec
273 2349 335 2402 vela
343 2349 431 2412 ridet3
446 2364 562 2400 vacuum
573 2351 643 2415 petit
653 2351 735 2401 anxia
746 2350 867 2405 lectum:

164 2417 254 2484 Seque
264 2425 327 2469 toro
337 2419 422 2483 ponit.
441 2418 568 2469 Renorat
577 2418 720 2486 lectusque
730 2418 865 2488 locusque

162 2486 327 2552 'Halcyonae
337 2487 477 2536 lacrimas:
489 2492 518 2537 et
527 2502 598 2554 quae
609 2502 681 2553 pars,
692 2486 834 2551 admonet,
843 2488 927 2540 absit«

75 2580 78 2587 ·
163 2553 303 2605 Portubus
313 2555 451 2617 exierant;
468 2563 496 2604 et
507 2561 630 2607 moverat
640 2570 709 2606 aura
719 2555 869 2628 rudentea3

91 2624 149 2696 475
158 2625 289 2684 Obrertit
298 2623 385 2706 lateri
396 2623 553 2701 pendentes
560 2624 768 2679 natitaremos.
787 2674 792 2682 ,
