1950 3292
160 526 579 595 nnrnnonnuosnon
596 541 676 594 ure.
695 543 760 598 xv.
789 540 840 597 tor
938 585 940 589 .

77 645 295 712 Minturnaeque
305 659 412 712 graves,
423 651 452 696 et
461 659 541 714 quam
548 644 697 698 tumulavit
702 646 840 711 alumnus,

77 711 301 783 Antiphataeque
311 714 601 784 oonosrrsclasqoe
611 716 841 784 obsmapalude,
884 734 889 741 ’
924 764 929 772 .

76 784 116 835 Et
124 781 210 833 'tellus
222 784 348 846 Circaea,
359 788 388 836 et
397 785 476 852 spissi
487 785 592 836 littoris
601 786 721 838 Antium.
779 787 782 791 '

75 850 143 905 lino
152 851 200 902 ubi
210 852 353 904 veliferam
365 861 467 905 nautae
477 855 623 906 advertere
633 857 764 918 carinam,

76 922 167 989 Asper
177 922 250 972 enim
260 924 322 974 iam'
365 929 431 974 ntus
440 931 512 985 erat,
524 924 600 976 Deus
612 925 732 991 explicat
741 924 833 996 orbes,
852 938 902 991 720

76 991 186 1060 Perque
196 993 271 1042 sinus
282 1007 297 1042 c
350 1006 395 1042 ros
405 998 434 1044 et
445 1008 544 1060 stagna
554 993 695 1044 solumina
705 994 811 1056 labens,

75 1060 199 1127 Templa
208 1063 331 1127 parentis
342 1062 407 1122 init,
419 1061 518 1112 flavam
531 1065 674 1128 tangentia
685 1063 773 1114 littus.

77 1132 207 1198 Aequore
216 1135 315 1196 pacato
327 1133 431 1197 patrias
443 1132 610 1197 Epislaunius
621 1144 684 1182 aras

76 1200 207 1266 Linquit,
218 1205 248 1251 et
258 1198 379 1265 hospitio
388 1203 476 1256 iuneti
486 1201 538 1250 sibl
550 1202 667 1249 niominis
678 1215 754 1262 usus,

76 1268 235 1321 littoream
247 1274 340 1320 tractu
351 1283 482 1338 squamae
493 1269 654 1335 crepitantis
665 1284 779 1320 arenam
852 1265 901 1334 7²⁵
927 1304 931 1308 -

78 1336 190 1400 Sulcat,
200 1342 243 1400 et,
253 1340 564 1397 innixusmodemmine
576 1340 666 1402 naris,
676 1341 704 1389 in
716 1338 774 1388 alta
808 1392 811 1397 ⁴
826 1372 829 1377 -

77 1407 176 1474 Puppe
185 1413 269 1474 eaput
278 1411 381 1474 posuit:
393 1409 481 1460 doriee
492 1409 682 1476 Castrumque,
692 1419 842 1474 sacrosque
863 1436 869 1448 ·

76 1477 179 1529 Lavini
189 1475 281 1537 sedes,
293 1478 480 1545 'l'ilterinoque
490 1477 523 1527 ad
536 1479 607 1528 ostia
616 1480 700 1528 venit.

76 1546 143 1600 Huc
152 1560 248 1599 omnes
258 1547 353 1614 populi
364 1546 478 1613 passim,
489 1552 664 1614 matrumque
675 1550 842 1613 patrumque

78 1617 170 1668 Obvia
179 1615 264 1668 turba
274 1617 344 1679 ruit3
361 1631 486 1684 queeque
497 1617 590 1684 ignes,
601 1615 712 1677 Troica,
721 1618 842 1680 serrant,
852 1612 902 1683 73⁰

80 1685 183 1747 Vesta,
193 1690 269 1738 tuos:
285 1685 415 1755 laetoque
425 1687 516 1741 Deum
528 1685 648 1738 elamore
658 1685 790 1736 salutant.

81 1755 199 1823 Quaque
210 1770 259 1821 per
269 1757 399 1807 adversas
410 1757 487 1807 navis
498 1757 555 1808 cita
564 1756 675 1807 ducitur
685 1754 785 1816 undas,

80 1826 160 1876 Tura
170 1837 254 1890 super
263 1825 352 1890 ripas,
362 1827 417 1876 aris
427 1841 461 1877 ex
471 1825 571 1876 ordine
583 1823 672 1886 tactis,

79 1893 167 1946 Parte
176 1892 210 1942 ab
221 1898 339 1961 utruque
349 1901 462 1946 sonant:
477 1899 507 1944 et
517 1893 637 1944 odorem
646 1897 712 1944 utra
722 1891 819 1942 fumis:
918 1920 921 1931 ‹
937 1945 941 1951 ,

79 1964 195 2031 lotaque
205 1963 346 2015 coniectos
355 1963 498 2017 incalfacit
508 1961 601 2014 hostia
610 1961 725 2014 tultros.
854 1955 904 2026 735

36 2053 43 2063 ·
79 2029 843 2100 lamque,caputrerumltomannmmtraveraturosm

78 2102 208 2170 Erigitur
216 2116 344 2169 serpens,
353 2118 516 2170 summoque
527 2101 643 2153 acclinia
653 2098 728 2150 nialo

42 2203 50 2211 -
80 2171 163 2223 cons
172 2176 277 2234 movet,
287 2171 423 2239 sedesque
434 2173 486 2222 sibi
497 2170 683 2290 οίτουηιπίῗίοὶῐ
693 2173 781 2234 opus.

79 2239 222 2294 Scinditur
232 2241 260 2291 in
271 2241 394 2307 geminas
405 2246 498 2306 partes
509 2243 612 2292 circum
633 2253 686 2290 uus
696 2239 799 2288 asinar

81 2309 176 2362 lnsula
187 2324 287 2362 nornen
299 2309 395 2362 hahet:
413 2309 586 2378 laterumque
597 2323 613 2359 a
624 2312 703 2376 purte
711 2307 830 2358 (luorum
854 2307 905 2375 740

81 2378 203 2447 Porrigit
214 2378 344 2446 aequales
355 2379 447 2430 media
457 2378 560 2430 tellure
571 2378 702 2430 lacertae.
796 2439 799 2446 1

84 2450 146 2500 Huc
156 2464 186 2500 se
197 2449 232 2500 (le
243 2448 326 2500 Latia
336 2450 403 2514 pinu
413 2448 569 2499 Phoebeius
580 2448 680 2515 anguis

83 2517 221 2578 Contulit,
233 2522 262 2568 et
272 2518 368 2578 linem,
379 2519 471 2584 speeie
482 2517 605 2568 eoeleste
615 2520 751 2578 resumta,

82 2587 218 2638 Luctibus
230 2588 372 2654 imposuit,
383 2591 512 2653 venitque
522 2584 654 2636 salutifer
662 2583 739 2636 Vrbi.

119 2657 174 2708 Hie
183 2663 275 2707 tamen
288 2658 403 2707 necessit
414 2656 537 2707 delubris
548 2655 654 2706 advena
664 2654 781 2703 nostrisr
816 2698 819 2703 .
857 2649 905 2719 745

85 2727 188 2777 Caesar
198 2726 226 2775 in
232 2725 308 2778 Vrbe
318 2724 451 2776 suaDeus
462 2731 512 2785 est,
524 2740 603 2791 quem
611 2724 713 2783 Marte,
723 2728 846 2791 togaque

84 2795 279 2860 Praecipuum,
290 2809 344 2844 non
356 2794 430 2846 bella
440 2795 527 2861 magis
539 2795 617 2844 linita
627 2789 784 2860 triumphis,

86 2864 193 2931 llesque
203 2864 278 2914 (lomi
289 2869 400 2931 gestae,
410 2868 615 2930 properataque
626 2860 717 2928 gloria
726 2874 822 2912 rerunt

85 2934 117 2984 ln
127 2932 204 2991 sidus
215 2939 324 2985 vertere
335 2947 449 2997 novum,
460 2933 627 3000 stellamque
638 2934 811 2987 comantem,

85 3000 173 3062 Quam
181 3017 232 3052 sua
239 3005 400 3070 progenies.
414 3003 511 3075 Neque
523 3005 602 3057 enim
613 2997 795 3052 nemeseus
800 2982 944 3044 uetiti*

79 3068 167 3119 Vllum
178 3073 272 3125 maius
282 3087 365 3144 opus,
376 3092 470 3148 quarn
481 3077 566 3150 quoii
574 3056 904 3148 patsrsuuetuuau-
