1950 3292
14 176 84 223 l.N

106 138 108 143 ’
194 137 229 193 46
392 133 424 191 P.
443 135 584 195 ovibu
602 133 786 189 NASONIS

196 245 274 308 Quae
283 247 430 311 postquam
441 239 544 291 frustra
554 243 674 301 tentata,
684 253 836 308 rogumque
847 239 941 307 parari

138 323 187 375 ϋηο
196 312 302 376 Sensit,
311 318 339 365 et
349 325 461 363 arsuros
472 311 611 376 supremis
619 309 728 376 ignibus
739 314 831 371 artus3

195 384 268 432 Tum
279 397 346 434 vero
356 382 487 448 gemitus3
503 394 592 444 neque
603 381 676 428 enim
688 377 821 429 coelestia
831 379 901 446 tingi

196 453 256 503 Ora
265 451 332 501 licet
342 449 477 509 lacrimis3
494 447 551 497 alto
562 447 596 498 de
607 448 689 498 corde
699 450 801 514 petitos

178 518 182 531 ’
195 519 304 572 Edidit:
315 517 390 568 baud
401 517 493 578 aliter,
504 530 586 582 quam
597 532 667 577 cum,
678 522 823 582 spectante
833 517 959 578 iuvenca,

105 592 110 599 ’
195 587 338 639 Lactentis
348 586 441 648 vituli,
453 585 551 636 dextra
562 585 678 636 libratus
689 587 723 636 ab
734 602 809 646 aure,
870 624 874 635 .

38 680 57 715 J
137 657 188 710 025
196 658 337 723 Tempora
348 655 479 706 discussit
489 655 564 705 claro
575 670 645 706 cava
652 654 769 706 malleus
779 658 845 706 ictu.

195 714 234 776 Vt
243 730 337 776 tamen
347 725 471 791 ingratos
479 725 510 774 in
519 730 633 790 pectora
644 724 716 774 fudit
726 725 839 775 odores:

196 795 235 848 Et
244 794 322 844 dedit
332 794 489 860 amplexus,
499 795 654 860 iniustaque
665 795 738 843 iusta
747 794 867 859 peregit:

196 862 263 915 Non
271 864 338 915 tulit
347 864 377 913 in
388 864 494 914 cineres
505 863 561 912 labi
571 877 622 913 sua
631 860 758 913 Phoebus
769 862 882 912 eosdem
938 894 941 899 -

197 931 324 983 Semina:
340 931 389 982 sed
400 937 495 981 natum
506 929 623 981 ila'mmis
634 936 768 997 uteroque
778 932 902 995 parentis

136 999 187 1055 650
196 1000 321 1067 Eripuit3
336 1002 493 1066 geminique
503 999 570 1049 tulit
581 997 707 1050 Chironis
718 1001 745 1048 in
758 1005 877 1049 antrum.
899 1041 901 1045 .

198 1068 418 1136 sperantemque
429 1070 482 1125 sibi
493 1083 548 1118 non
559 1068 648 1119 falsae
658 1071 782 1134 praemia
792 1068 904 1135 linguae

196 1138 275 1192 inter
285 1153 349 1189 ares
360 1139 437 1189 albas
447 1139 536 1188 vetuit
547 1138 691 1189 considere
702 1153 823 1188 corvum.

235 1207 354 1259 Semifer
364 1209 475 1259 interea
482 1207 591 1257 divinae
601 1209 695 1271 stirpis
706 1207 820 1257 alumno

197 1274 303 1328 Laetus
314 1281 387 1337 crat3
403 1277 544 1340 mistoque
553 1276 631 1324 oneri
642 1273 779 1340 gaudebat
790 1274 906 1326 bonore.

132 1347 188 1402 655
198 1344 283 1396 Eece!
298 1346 376 1394 venit
384 1343 477 1392 rutilis
489 1341 617 1392 humeros
628 1348 754 1407 protecta
765 1344 874 1410 capillis

196 1412 271 1464 Filia
283 1413 426 1462 Centauri:
442 1424 524 1477 quam
536 1411 677 1477 quondam
685 1411 815 1478 Nympha
825 1411 961 1476 Chariclo,

197 1480 334 1533 Fluminis
344 1481 372 1530 in
384 1480 474 1545 rapidi
483 1480 552 1545 ripis
562 1481 658 1542 enixa,
668 1485 775 1532 vocavit

198 1548 355 1616 ecyrhoen.
375 1548 437 1600 Non
448 1548 518 1599 baec
527 1554 601 1599 ortes
612 1555 744 1602 contenta
754 1555 883 1616 paternas

196 1619 351 1670 Edidicisse
362 1617 427 1668 fuit:
445 1617 566 1668 fatorum
578 1631 680 1668 aroana
690 1621 819 1670 canebat.

14 1734 21 1741 .
48 1722 50 1727 >
130 1687 189 1743 640
197 1688 272 1755 Ergo
284 1688 334 1738 ubi
343 1681 472 1737 fatidicos
484 1688 610 1751 concepit
619 1692 711 1738 mente
722 1687 843 1749 furores,

197 1755 371 1823 incaluitque
381 1755 457 1817 Deo,
473 1769 553 1821 quem
568 1755 692 1805 clausum
704 1762 817 1821 pectore
828 1755 961 1819 habebam

121 1844 130 1852 ’
197 1825 323 1892 Adspicit
331 1823 615 1891 infantem‚Totique
624 1824 751 1876 salutifer
762 1827 824 1876 orbi

77 1903 83 1910 ‘
156 1916 161 1931 ·
200 1894 300 1945 cresce
310 1894 487 1961 puer,disit=
503 1893 554 1943 tibi
564 1907 594 1944 oe
605 1894 735 1945 mortalia
746 1910 830 1961 saepe
890 1928 892 1933 ·
954 1902 956 1907 '

57 1986 61 2000 ·
136 1994 139 1999 ›
200 1963 324 2027 corpora
335 1962 486 2014 debebunt:
501 1963 608 2012 animas
619 1963 670 2013 tibi
680 1963 797 2015 reddere
809 1963 934 2014 ademtae

133 2024 190 2083 Ι645
198 2029 253 2081 Fas
265 2033 331 2082 erit:
346 2031 430 2096 idque
441 2030 527 2081 semel
537 2030 589 2081 Dis
599 2031 806 2098 indignantibus
815 2047 909 2099 ausus,

198 2099 285 2151 Posse
296 2100 362 2150 dare
373 2099 425 2150 hoe
435 2100 537 2150 iterum
548 2099 659 2151 flamma
668 2100 852 2167 prohibebere
862 2103 950 2153 avita:

172 2190 178 2197 “
199 2170 279 2235 Eque
288 2168 350 2220 Deo
361 2183 461 2234 corpus
472 2170 521 2220 lies
531 2184 684 2236 exsangue:
701 2170 841 2237 Deaeque,
862 2186 867 2199 ¹

200 2239 254 2300 Qui
265 2237 348 2288 modo
360 2251 460 2304 eorpus
471 2252 545 2288 eras:
561 2244 592 2291 et
600 2240 642 2290 bio
652 2245 702 2288 tua
711 2238 770 2289 fata
778 2239 903 2290 novabis.

199 2308 244 2358 Tu
254 2321 374 2374 quoque,
385 2321 449 2359 care
460 2313 553 2373 pater,
564 2317 622 2358 non
630 2309 685 2357 iam
696 2307 837 2370 mortalis,
848 2312 876 2360 et
886 2309 961 2361 aevis

137 2371 190 2430 650
200 2376 335 2427 Omnibus
346 2380 378 2427 ut
388 2391 514 2439 maneas,
526 2376 656 2428 nascendi
667 2376 730 2442 lege
740 2382 865 2438 creatum
925 2438 929 2442 ι

199 2445 286 2498 Posse
296 2446 369 2509 mori
379 2447 472 2512 cupies
483 2452 556 2509 tum,
566 2460 629 2498 cum
640 2445 798 2498 cruciabere
809 2446 887 2497 dirae

200 2512 341 2582 Sanguine
351 2517 561 2582 serpentis,pes·
570 2514 666 2565 sauoie
675 2515 800 2566 membra
808 2519 934 2581 recepto:

141 2610 145 2617 ·
192 2582 292 2650 Teque
301 2599 340 2638 ex
349 2591 468 2641 aeterno
478 2585 758 2656 patientemnuminu
766 2585 865 2636 mortis
910 2632 914 2639 .

174 2649 332 2710 Eliiciente
350 2651 917 2732 mpboesquessmmanumumu
