<?xml version="1.0" encoding="UTF-8"?>
<!DOCTYPE html PUBLIC "-//W3C//DTD XHTML 1.0 Transitional//EN"
    "http://www.w3.org/TR/xhtml1/DTD/xhtml1-transitional.dtd">
<html xmlns="http://www.w3.org/1999/xhtml" xml:lang="en" lang="en">
 <head>
  <title>
</title>
<meta http-equiv="Content-Type" content="text/html;charset=utf-8" />
  <meta name='ocr-system' content='tesseract 3.04.00' />
  <meta name='ocr-capabilities' content='ocr_page ocr_carea ocr_par ocr_line ocrx_word'/>
</head>
<body>
  <div class='ocr_page' id='page_1' title='image "./povidiinasonisq02ovidgoog_0191.png"; bbox 0 0 1950 3292; ppageno 0'>
   <div class='ocr_carea' id='block_1_1' title="bbox 37 76 807 292">
    <p class='ocr_par' dir='ltr' id='par_1_1' title="bbox 37 76 807 292">
     <span class='ocr_line' id='line_1_1' title="bbox 37 76 783 184; baseline -0.013 -5"><span class='ocrx_word' id='word_1_1' title='bbox 37 128 40 135; x_wconf 92' lang='lat'><strong>·</strong></span> <span class='ocrx_word' id='word_1_2' title='bbox 112 122 190 184; x_wconf 61' lang='lat' dir='ltr'>‘rra</span> <span class='ocrx_word' id='word_1_3' title='bbox 334 104 720 175; x_wconf 74' lang='lat' dir='ltr'>noviorinssonrs</span> <span class='ocrx_word' id='word_1_4' title='bbox 781 76 783 85; x_wconf 66' lang='grc'>’</span> 
     </span>
     <span class='ocr_line' id='line_1_2' title="bbox 134 221 807 292; baseline -0.012 -12"><span class='ocrx_word' id='word_1_5' title='bbox 134 227 257 289; x_wconf 80' lang='lat' dir='ltr'>Discite,</span> <span class='ocrx_word' id='word_1_6' title='bbox 268 224 397 278; x_wconf 78' lang='lat' dir='ltr'>femineis</span> <span class='ocrx_word' id='word_1_7' title='bbox 407 221 472 292; x_wconf 88' lang='lat' dir='ltr'>quid</span> <span class='ocrx_word' id='word_1_8' title='bbox 483 221 542 274; x_wconf 93' lang='lat' dir='ltr'>tela</span> <span class='ocrx_word' id='word_1_9' title='bbox 550 221 645 273; x_wconf 82' lang='lat' dir='ltr'>virilia</span> <span class='ocrx_word' id='word_1_10' title='bbox 654 223 807 288; x_wconf 74' lang='lat' dir='ltr'>praestent,</span> 
     </span>
    </p>
   </div>
   <div class='ocr_carea' id='block_1_2' title="bbox 137 290 789 360">
    <p class='ocr_par' dir='ltr' id='par_1_2' title="bbox 137 290 789 360">
     <span class='ocr_line' id='line_1_3' title="bbox 137 290 789 360; baseline -0.012 -11"><span class='ocrx_word' id='word_1_11' title='bbox 137 297 173 350; x_wconf 90' lang='lat'>0!</span> <span class='ocrx_word' id='word_1_12' title='bbox 189 298 316 357; x_wconf 84' lang='lat' dir='ltr'>iuvenes,</span> <span class='ocrx_word' id='word_1_13' title='bbox 327 290 459 360; x_wconf 79' lang='lat' dir='ltr'>opeiique</span> <span class='ocrx_word' id='word_1_14' title='bbox 469 305 532 343; x_wconf 90' lang='lat' dir='ltr'>meo</span> <span class='ocrx_word' id='word_1_15' title='bbox 543 291 698 356; x_wconf 82' lang='lat' dir='ltr'>concedite,</span> <span class='ocrx_word' id='word_1_16' title='bbox 709 290 789 341; x_wconf 82' lang='lat' dir='ltr'>dixit.</span> 
     </span>
    </p>
   </div>
   <div class='ocr_carea' id='block_1_3' title="bbox 1 360 804 432">
    <p class='ocr_par' dir='ltr' id='par_1_3' title="bbox 1 360 804 432">
     <span class='ocr_line' id='line_1_4' title="bbox 1 360 804 432; baseline -0.014 -11"><span class='ocrx_word' id='word_1_17' title='bbox 1 370 44 388; x_wconf 81' lang='grc'>·’</span> <span class='ocrx_word' id='word_1_18' title='bbox 135 369 198 432; x_wconf 84' lang='lat' dir='ltr'>Ipsa</span> <span class='ocrx_word' id='word_1_19' title='bbox 208 367 268 418; x_wconf 88' lang='lat' dir='ltr'>suis</span> <span class='ocrx_word' id='word_1_20' title='bbox 276 364 341 415; x_wconf 90' lang='lat' dir='ltr'>licet</span> <span class='ocrx_word' id='word_1_21' title='bbox 351 361 423 413; x_wconf 86' lang='lat' dir='ltr'>bunc</span> <span class='ocrx_word' id='word_1_22' title='bbox 432 360 553 412; x_wconf 88' lang='lat' dir='ltr'>Latonia</span> <span class='ocrx_word' id='word_1_23' title='bbox 563 365 695 428; x_wconf 83' lang='lat' dir='ltr'>protegat</span> <span class='ocrx_word' id='word_1_24' title='bbox 704 360 804 424; x_wconf 79' lang='lat' dir='ltr'>araris3</span> 
     </span>
    </p>
   </div>
   <div class='ocr_carea' id='block_1_4' title="bbox 32 428 867 2701">
    <p class='ocr_par' dir='ltr' id='par_1_4' title="bbox 77 428 844 504">
     <span class='ocr_line' id='line_1_5' title="bbox 77 428 844 504; baseline -0.007 -17"><span class='ocrx_word' id='word_1_25' title='bbox 77 437 126 504; x_wconf 74' lang='lat'>595</span> <span class='ocrx_word' id='word_1_26' title='bbox 136 437 219 486; x_wconf 86' lang='lat' dir='ltr'>Hunc</span> <span class='ocrx_word' id='word_1_27' title='bbox 229 439 323 486; x_wconf 88' lang='lat' dir='ltr'>tamen</span> <span class='ocrx_word' id='word_1_28' title='bbox 333 432 421 482; x_wconf 73' lang='lat' dir='ltr'>insita</span> <span class='ocrx_word' id='word_1_29' title='bbox 429 431 551 496; x_wconf 82' lang='lat' dir='ltr'>perimet</span> <span class='ocrx_word' id='word_1_30' title='bbox 559 444 622 482; x_wconf 87' lang='lat' dir='ltr'>mea</span> <span class='ocrx_word' id='word_1_31' title='bbox 632 429 731 480; x_wconf 83' lang='lat' dir='ltr'>dextra</span> <span class='ocrx_word' id='word_1_32' title='bbox 741 428 844 482; x_wconf 80' lang='lat' dir='ltr'>Diana.</span> 
     </span>
    </p>

    <p class='ocr_par' dir='ltr' id='par_1_5' title="bbox 90 499 866 774">
     <span class='ocr_line' id='line_1_6' title="bbox 90 499 824 568; baseline -0.01 -13"><span class='ocrx_word' id='word_1_33' title='bbox 90 538 93 543; x_wconf 83' lang='lat'>·</span> <span class='ocrx_word' id='word_1_34' title='bbox 136 503 218 555; x_wconf 84' lang='lat' dir='ltr'>Talia</span> <span class='ocrx_word' id='word_1_35' title='bbox 229 499 404 568; x_wconf 84' lang='lat' dir='ltr'>magniloquo</span> <span class='ocrx_word' id='word_1_36' title='bbox 415 499 538 550; x_wconf 90' lang='lat' dir='ltr'>tumidus</span> <span class='ocrx_word' id='word_1_37' title='bbox 549 502 751 550; x_wconf 82' lang='lat' dir='ltr'>memoraverat</span> <span class='ocrx_word' id='word_1_38' title='bbox 761 512 824 550; x_wconf 84' lang='lat' dir='ltr'>ore:</span> 
     </span>
     <span class='ocr_line' id='line_1_7' title="bbox 135 568 821 636; baseline -0.009 -12"><span class='ocrx_word' id='word_1_39' title='bbox 135 573 345 636; x_wconf 88' lang='lat' dir='ltr'>Ancipitemque</span> <span class='ocrx_word' id='word_1_40' title='bbox 356 583 439 618; x_wconf 89' lang='lat' dir='ltr'>manu</span> <span class='ocrx_word' id='word_1_41' title='bbox 448 568 551 619; x_wconf 90' lang='lat' dir='ltr'>tollens</span> <span class='ocrx_word' id='word_1_42' title='bbox 562 573 680 636; x_wconf 86' lang='lat' dir='ltr'>utraque</span> <span class='ocrx_word' id='word_1_43' title='bbox 691 568 821 632; x_wconf 82' lang='lat' dir='ltr'>securim,</span> 
     </span>
     <span class='ocr_line' id='line_1_8' title="bbox 135 634 812 713; baseline -0.01 -19"><span class='ocrx_word' id='word_1_44' title='bbox 135 642 280 694; x_wconf 80' lang='lat' dir='ltr'>institerat</span> <span class='ocrx_word' id='word_1_45' title='bbox 291 634 398 713; x_wconf 71' lang='lat' dir='ltr'>digitis,</span> <span class='ocrx_word' id='word_1_46' title='bbox 408 638 512 703; x_wconf 84' lang='lat' dir='ltr'>primos</span> <span class='ocrx_word' id='word_1_47' title='bbox 523 651 674 703; x_wconf 87' lang='lat' dir='ltr'>suspensus</span> <span class='ocrx_word' id='word_1_48' title='bbox 684 637 713 687; x_wconf 90' lang='lat' dir='ltr'>in</span> <span class='ocrx_word' id='word_1_49' title='bbox 724 641 812 687; x_wconf 87' lang='lat' dir='ltr'>artus.</span> 
     </span>
     <span class='ocr_line' id='line_1_9' title="bbox 137 702 866 774; baseline -0.005 -12"><span class='ocrx_word' id='word_1_50' title='bbox 137 712 262 774; x_wconf 81' lang='lat' dir='ltr'>Occupat</span> <span class='ocrx_word' id='word_1_51' title='bbox 273 707 420 768; x_wconf 77' lang='lat' dir='ltr'>audacem,</span> <span class='ocrx_word' id='word_1_52' title='bbox 432 721 538 773; x_wconf 89' lang='lat' dir='ltr'>quaque</span> <span class='ocrx_word' id='word_1_53' title='bbox 550 710 593 757; x_wconf 89' lang='lat' dir='ltr'>est</span> <span class='ocrx_word' id='word_1_54' title='bbox 604 706 648 756; x_wconf 82' lang='lat' dir='ltr'>via</span> <span class='ocrx_word' id='word_1_55' title='bbox 659 707 788 772; x_wconf 84' lang='lat' dir='ltr'>proxima</span> <span class='ocrx_word' id='word_1_56' title='bbox 798 702 866 768; x_wconf 64' lang='lat' dir='ltr'>lete,</span> 
     </span>
    </p>

    <p class='ocr_par' dir='ltr' id='par_1_6' title="bbox 32 774 867 2701">
     <span class='ocr_line' id='line_1_10' title="bbox 77 774 867 843; baseline -0.009 -10"><span class='ocrx_word' id='word_1_57' title='bbox 77 783 124 834; x_wconf 75' lang='lat' dir='ltr'>doc</span> <span class='ocrx_word' id='word_1_58' title='bbox 138 779 252 831; x_wconf 87' lang='lat' dir='ltr'>Summa</span> <span class='ocrx_word' id='word_1_59' title='bbox 263 775 339 827; x_wconf 80' lang='lat' dir='ltr'>serus</span> <span class='ocrx_word' id='word_1_60' title='bbox 348 776 473 843; x_wconf 85' lang='lat' dir='ltr'>geminos</span> <span class='ocrx_word' id='word_1_61' title='bbox 485 776 587 827; x_wconf 87' lang='lat' dir='ltr'>direxit</span> <span class='ocrx_word' id='word_1_62' title='bbox 595 776 623 825; x_wconf 93' lang='lat' dir='ltr'>in</span> <span class='ocrx_word' id='word_1_63' title='bbox 634 775 748 841; x_wconf 86' lang='lat' dir='ltr'>inguina</span> <span class='ocrx_word' id='word_1_64' title='bbox 759 774 867 828; x_wconf 83' lang='lat' dir='ltr'>dentes.</span> 
     </span>
     <span class='ocr_line' id='line_1_11' title="bbox 137 843 867 913; baseline -0.005 -15"><span class='ocrx_word' id='word_1_65' title='bbox 137 846 264 898; x_wconf 82' lang='lat' dir='ltr'>Concidit</span> <span class='ocrx_word' id='word_1_66' title='bbox 274 845 410 896; x_wconf 77' lang='lat' dir='ltr'>Ancaeus:</span> <span class='ocrx_word' id='word_1_67' title='bbox 425 845 634 913; x_wconf 77' lang='lat' dir='ltr'>glomerataque</span> <span class='ocrx_word' id='word_1_68' title='bbox 645 847 782 911; x_wconf 78' lang='lat' dir='ltr'>sanguine</span> <span class='ocrx_word' id='word_1_69' title='bbox 793 843 867 895; x_wconf 80' lang='lat' dir='ltr'>mult</span> 
     </span>
     <span class='ocr_line' id='line_1_12' title="bbox 73 912 867 981; baseline -0.005 -11"><span class='ocrx_word' id='word_1_70' title='bbox 73 944 82 961; x_wconf 59' lang='grc' dir='ltr'>κ</span> <span class='ocrx_word' id='word_1_71' title='bbox 135 918 254 970; x_wconf 82' lang='lat' dir='ltr'>Viscera</span> <span class='ocrx_word' id='word_1_72' title='bbox 263 914 341 980; x_wconf 87' lang='lat' dir='ltr'>lapsa</span> <span class='ocrx_word' id='word_1_73' title='bbox 351 912 452 964; x_wconf 84' lang='lat' dir='ltr'>iluunt:</span> <span class='ocrx_word' id='word_1_74' title='bbox 469 913 768 981; x_wconf 80' lang='lat' dir='ltr'>madefactaque-terra</span> <span class='ocrx_word' id='word_1_75' title='bbox 779 927 867 966; x_wconf 67' lang='lat' dir='ltr'>cruor«</span> 
     </span>
     <span class='ocr_line' id='line_1_13' title="bbox 329 989 678 1036; baseline -0.011 0"><span class='ocrx_word' id='word_1_76' title='bbox 329 1032 331 1036; x_wconf 16' lang='grc' dir='ltr'><em>Α</em></span> <span class='ocrx_word' id='word_1_77' title='bbox 552 989 602 1034; x_wconf 85' lang='lat' dir='ltr'>cst.</span> <span class='ocrx_word' id='word_1_78' title='bbox 671 1001 678 1008; x_wconf 46' lang='lat'>³</span> 
     </span>
     <span class='ocr_line' id='line_1_14' title="bbox 136 1049 762 1118; baseline -0.005 -13"><span class='ocrx_word' id='word_1_79' title='bbox 136 1056 198 1105; x_wconf 86' lang='lat' dir='ltr'>lbat</span> <span class='ocrx_word' id='word_1_80' title='bbox 208 1055 236 1103; x_wconf 94' lang='lat' dir='ltr'>in</span> <span class='ocrx_word' id='word_1_81' title='bbox 247 1052 406 1114; x_wconf 86' lang='lat' dir='ltr'>adversum,</span> <span class='ocrx_word' id='word_1_82' title='bbox 417 1051 509 1118; x_wconf 87' lang='lat' dir='ltr'>proles</span> <span class='ocrx_word' id='word_1_83' title='bbox 525 1052 644 1118; x_wconf 84' lang='lat' dir='ltr'>Ixionis,</span> <span class='ocrx_word' id='word_1_84' title='bbox 653 1049 762 1103; x_wconf 87' lang='lat' dir='ltr'>bostem</span> 
     </span>
     <span class='ocr_line' id='line_1_15' title="bbox 137 1120 797 1189; baseline -0.005 -16"><span class='ocrx_word' id='word_1_85' title='bbox 137 1121 291 1184; x_wconf 84' lang='lat' dir='ltr'>Pirithous,</span> <span class='ocrx_word' id='word_1_86' title='bbox 302 1121 394 1172; x_wconf 86' lang='lat' dir='ltr'>valida</span> <span class='ocrx_word' id='word_1_87' title='bbox 404 1123 532 1189; x_wconf 86' lang='lat' dir='ltr'>quatiens</span> <span class='ocrx_word' id='word_1_88' title='bbox 545 1120 678 1172; x_wconf 83' lang='lat' dir='ltr'>venabula</span> <span class='ocrx_word' id='word_1_89' title='bbox 689 1121 797 1172; x_wconf 77' lang='lat' dir='ltr'>dextra.</span> 
     </span>
     <span class='ocr_line' id='line_1_16' title="bbox 58 1188 844 1258; baseline 0.001 -21"><span class='ocrx_word' id='word_1_90' title='bbox 58 1212 61 1221; x_wconf 82' lang='lat'>=</span> <span class='ocrx_word' id='word_1_91' title='bbox 77 1189 125 1241; x_wconf 83' lang='lat'>405</span> <span class='ocrx_word' id='word_1_92' title='bbox 137 1188 187 1242; x_wconf 84' lang='lat' dir='ltr'>Cui</span> <span class='ocrx_word' id='word_1_93' title='bbox 198 1191 297 1258; x_wconf 87' lang='lat' dir='ltr'>procul</span> <span class='ocrx_word' id='word_1_94' title='bbox 307 1192 438 1258; x_wconf 81' lang='lat' dir='ltr'>Aegides,</span> <span class='ocrx_word' id='word_1_95' title='bbox 449 1189 484 1241; x_wconf 86' lang='lat'>0!</span> <span class='ocrx_word' id='word_1_96' title='bbox 497 1204 541 1242; x_wconf 89' lang='lat' dir='ltr'>me</span> <span class='ocrx_word' id='word_1_97' title='bbox 550 1188 618 1239; x_wconf 90' lang='lat' dir='ltr'>mibi</span> <span class='ocrx_word' id='word_1_98' title='bbox 628 1191 732 1252; x_wconf 90' lang='lat' dir='ltr'>carior,</span> <span class='ocrx_word' id='word_1_99' title='bbox 743 1189 844 1256; x_wconf 85' lang='lat' dir='ltr'>inquit,</span> 
     </span>
     <span class='ocr_line' id='line_1_17' title="bbox 89 1258 849 1316; baseline -0.004 -3"><span class='ocrx_word' id='word_1_100' title='bbox 89 1278 98 1290; x_wconf 82' lang='lat'><em>·</em></span> <span class='ocrx_word' id='word_1_101' title='bbox 135 1261 204 1313; x_wconf 85' lang='lat' dir='ltr'>Pars</span> <span class='ocrx_word' id='word_1_102' title='bbox 215 1262 324 1311; x_wconf 87' lang='lat' dir='ltr'>animae</span> <span class='ocrx_word' id='word_1_103' title='bbox 335 1261 456 1310; x_wconf 84' lang='lat' dir='ltr'>consiste</span> <span class='ocrx_word' id='word_1_104' title='bbox 467 1258 556 1312; x_wconf 82' lang='lat' dir='ltr'>meae:</span> <span class='ocrx_word' id='word_1_105' title='bbox 573 1258 640 1309; x_wconf 89' lang='lat' dir='ltr'>licet</span> <span class='ocrx_word' id='word_1_106' title='bbox 650 1261 756 1309; x_wconf 91' lang='lat' dir='ltr'>eminus</span> <span class='ocrx_word' id='word_1_107' title='bbox 764 1273 829 1310; x_wconf 85' lang='lat' dir='ltr'>essa</span> <span class='ocrx_word' id='word_1_108' title='bbox 847 1312 849 1316; x_wconf 75' lang='grc'><em>,</em></span> 
     </span>
     <span class='ocr_line' id='line_1_18' title="bbox 43 1328 775 1380; baseline 0 -4"><span class='ocrx_word' id='word_1_109' title='bbox 43 1370 49 1376; x_wconf 83' lang='grc'><strong>.</strong></span> <span class='ocrx_word' id='word_1_110' title='bbox 136 1329 278 1380; x_wconf 84' lang='lat' dir='ltr'>Fortibus:</span> <span class='ocrx_word' id='word_1_111' title='bbox 295 1329 403 1379; x_wconf 87' lang='lat' dir='ltr'>Ancaeo</span> <span class='ocrx_word' id='word_1_112' title='bbox 415 1329 510 1378; x_wconf 92' lang='lat' dir='ltr'>nocuit</span> <span class='ocrx_word' id='word_1_113' title='bbox 519 1328 669 1377; x_wconf 84' lang='lat' dir='ltr'>temeraria</span> <span class='ocrx_word' id='word_1_114' title='bbox 678 1329 775 1379; x_wconf 75' lang='lat' dir='ltr'>virtus.</span> 
     </span>
     <span class='ocr_line' id='line_1_19' title="bbox 135 1395 829 1462; baseline -0.004 -15"><span class='ocrx_word' id='word_1_115' title='bbox 135 1398 227 1447; x_wconf 87' lang='lat' dir='ltr'>Dixit:</span> <span class='ocrx_word' id='word_1_116' title='bbox 244 1401 380 1449; x_wconf 86' lang='lat' dir='ltr'>etaerata</span> <span class='ocrx_word' id='word_1_117' title='bbox 389 1395 470 1445; x_wconf 88' lang='lat' dir='ltr'>torsit</span> <span class='ocrx_word' id='word_1_118' title='bbox 480 1410 564 1462; x_wconf 80' lang='lat' dir='ltr'>grave</span> <span class='ocrx_word' id='word_1_119' title='bbox 576 1396 688 1460; x_wconf 88' lang='lat' dir='ltr'>cuspide</span> <span class='ocrx_word' id='word_1_120' title='bbox 700 1409 829 1447; x_wconf 88' lang='lat' dir='ltr'>cornum:</span> 
     </span>
     <span class='ocr_line' id='line_1_20' title="bbox 124 1463 766 1530; baseline 0.005 -17"><span class='ocrx_word' id='word_1_121' title='bbox 124 1465 196 1526; x_wconf 71' lang='lat' dir='ltr'>-Quo</span> <span class='ocrx_word' id='word_1_122' title='bbox 207 1464 277 1527; x_wconf 83' lang='lat' dir='ltr'>bene</span> <span class='ocrx_word' id='word_1_123' title='bbox 288 1464 402 1527; x_wconf 88' lang='lat' dir='ltr'>librato,</span> <span class='ocrx_word' id='word_1_124' title='bbox 412 1465 470 1514; x_wconf 49' lang='lat' dir='ltr'>stati</span> <span class='ocrx_word' id='word_1_125' title='bbox 491 1479 525 1515; x_wconf 89' lang='lat' dir='ltr'>ue</span> <span class='ocrx_word' id='word_1_126' title='bbox 536 1466 649 1530; x_wconf 86' lang='lat' dir='ltr'>potente</span> <span class='ocrx_word' id='word_1_127' title='bbox 660 1463 766 1525; x_wconf 84' lang='lat' dir='ltr'>futuro,</span> 
     </span>
     <span class='ocr_line' id='line_1_21' title="bbox 32 1480 824 1587; baseline 0 -4"><span class='ocrx_word' id='word_1_128' title='bbox 32 1576 37 1583; x_wconf 94' lang='lat'>.</span> <span class='ocrx_word' id='word_1_129' title='bbox 76 1536 125 1586; x_wconf 76' lang='lat' dir='ltr'>irc</span> <span class='ocrx_word' id='word_1_130' title='bbox 136 1533 252 1584; x_wconf 87' lang='lat' dir='ltr'>Obstitit</span> <span class='ocrx_word' id='word_1_131' title='bbox 263 1531 393 1587; x_wconf 78' lang='lat' dir='ltr'>aesculca</span> <span class='ocrx_word' id='word_1_132' title='bbox 402 1480 552 1583; x_wconf 54' lang='lat' dir='ltr'>frongosus</span> <span class='ocrx_word' id='word_1_133' title='bbox 564 1533 598 1584; x_wconf 84' lang='lat' dir='ltr'>ab</span> <span class='ocrx_word' id='word_1_134' title='bbox 609 1531 711 1584; x_wconf 81' lang='lat' dir='ltr'>arbore</span> <span class='ocrx_word' id='word_1_135' title='bbox 720 1546 824 1585; x_wconf 77' lang='lat' dir='ltr'>ramus</span> 
     </span>
     <span class='ocr_line' id='line_1_22' title="bbox 111 1601 856 1669; baseline 0 -16"><span class='ocrx_word' id='word_1_136' title='bbox 111 1602 113 1610; x_wconf 91' lang='lat'>&#39;</span> <span class='ocrx_word' id='word_1_137' title='bbox 133 1601 215 1653; x_wconf 83' lang='lat' dir='ltr'>Misit</span> <span class='ocrx_word' id='word_1_138' title='bbox 225 1606 253 1652; x_wconf 90' lang='lat' dir='ltr'>et</span> <span class='ocrx_word' id='word_1_139' title='bbox 263 1601 415 1658; x_wconf 75' lang='lat' dir='ltr'>Aesonides</span> <span class='ocrx_word' id='word_1_140' title='bbox 426 1601 559 1652; x_wconf 86' lang='lat' dir='ltr'>iaculum:</span> <span class='ocrx_word' id='word_1_141' title='bbox 575 1602 648 1669; x_wconf 88' lang='lat' dir='ltr'>quod</span> <span class='ocrx_word' id='word_1_142' title='bbox 660 1617 740 1655; x_wconf 84' lang='lat' dir='ltr'>casus</span> <span class='ocrx_word' id='word_1_143' title='bbox 751 1603 785 1654; x_wconf 88' lang='lat' dir='ltr'>ab</span> <span class='ocrx_word' id='word_1_144' title='bbox 796 1601 856 1667; x_wconf 75' lang='lat' dir='ltr'>illo¹</span> 
     </span>
     <span class='ocr_line' id='line_1_23' title="bbox 81 1670 797 1734; baseline -0.001 -10"><span class='ocrx_word' id='word_1_145' title='bbox 81 1674 84 1680; x_wconf 90' lang='grc'><strong><em>’</em></strong></span> <span class='ocrx_word' id='word_1_146' title='bbox 135 1671 229 1724; x_wconf 78' lang='lat' dir='ltr'>Vertit</span> <span class='ocrx_word' id='word_1_147' title='bbox 238 1671 267 1721; x_wconf 94' lang='lat' dir='ltr'>in</span> <span class='ocrx_word' id='word_1_148' title='bbox 277 1672 409 1722; x_wconf 88' lang='lat' dir='ltr'>immeriti</span> <span class='ocrx_word' id='word_1_149' title='bbox 420 1670 508 1721; x_wconf 85' lang='lat' dir='ltr'>iatum</span> <span class='ocrx_word' id='word_1_150' title='bbox 518 1671 662 1733; x_wconf 79' lang='lat' dir='ltr'>latrantis,</span> <span class='ocrx_word' id='word_1_151' title='bbox 673 1677 712 1734; x_wconf 89' lang='lat' dir='ltr'>ct,</span> <span class='ocrx_word' id='word_1_152' title='bbox 722 1672 797 1723; x_wconf 91' lang='lat' dir='ltr'>inter</span> 
     </span>
     <span class='ocr_line' id='line_1_24' title="bbox 134 1739 756 1806; baseline -0.002 -15"><span class='ocrx_word' id='word_1_153' title='bbox 134 1741 187 1792; x_wconf 91' lang='lat' dir='ltr'>llia</span> <span class='ocrx_word' id='word_1_154' title='bbox 198 1743 366 1802; x_wconf 89' lang='lat' dir='ltr'>coniectum,</span> <span class='ocrx_word' id='word_1_155' title='bbox 377 1739 478 1790; x_wconf 89' lang='lat' dir='ltr'>tellure</span> <span class='ocrx_word' id='word_1_156' title='bbox 489 1754 539 1806; x_wconf 88' lang='lat' dir='ltr'>per</span> <span class='ocrx_word' id='word_1_157' title='bbox 549 1739 597 1788; x_wconf 90' lang='lat' dir='ltr'>ilia</span> <span class='ocrx_word' id='word_1_158' title='bbox 607 1740 693 1791; x_wconf 85' lang='lat' dir='ltr'>lixum</span> <span class='ocrx_word' id='word_1_159' title='bbox 705 1745 756 1792; x_wconf 89' lang='lat' dir='ltr'>est.</span> 
     </span>
     <span class='ocr_line' id='line_1_25' title="bbox 135 1805 819 1875; baseline -0.003 -13"><span class='ocrx_word' id='word_1_160' title='bbox 135 1813 171 1862; x_wconf 88' lang='lat' dir='ltr'>At</span> <span class='ocrx_word' id='word_1_161' title='bbox 181 1805 527 1860; x_wconf 77' lang='lat' dir='ltr'>manusoeoidae&#39;variat:</span> <span class='ocrx_word' id='word_1_162' title='bbox 543 1809 689 1875; x_wconf 88' lang='lat' dir='ltr'>missisque</span> <span class='ocrx_word' id='word_1_163' title='bbox 701 1809 819 1872; x_wconf 88' lang='lat' dir='ltr'>duabus,</span> 
     </span>
     <span class='ocr_line' id='line_1_26' title="bbox 75 1878 807 1945; baseline -0.001 -16"><span class='ocrx_word' id='word_1_164' title='bbox 75 1880 123 1933; x_wconf 80' lang='lat'>415</span> <span class='ocrx_word' id='word_1_165' title='bbox 134 1879 225 1930; x_wconf 84' lang='lat' dir='ltr'>Hasta</span> <span class='ocrx_word' id='word_1_166' title='bbox 235 1878 311 1944; x_wconf 89' lang='lat' dir='ltr'>prior</span> <span class='ocrx_word' id='word_1_167' title='bbox 321 1883 412 1939; x_wconf 86' lang='lat' dir='ltr'>terra,</span> <span class='ocrx_word' id='word_1_168' title='bbox 423 1878 514 1928; x_wconf 88' lang='lat' dir='ltr'>medio</span> <span class='ocrx_word' id='word_1_169' title='bbox 526 1878 605 1928; x_wconf 88' lang='lat' dir='ltr'>stetit</span> <span class='ocrx_word' id='word_1_170' title='bbox 615 1878 706 1930; x_wconf 89' lang='lat' dir='ltr'>altera</span> <span class='ocrx_word' id='word_1_171' title='bbox 715 1885 807 1945; x_wconf 84' lang='lat' dir='ltr'>tergo.</span> 
     </span>
     <span class='ocr_line' id='line_1_27' title="bbox 100 1946 867 2013; baseline -0.005 -14"><span class='ocrx_word' id='word_1_172' title='bbox 100 1996 106 2003; x_wconf 90' lang='grc'>,</span> <span class='ocrx_word' id='word_1_173' title='bbox 133 1946 867 2013; x_wconf 78' lang='lat' dir='ltr'>Necmorazdumsaerit,dumcorporaversatinorbei</span> 
     </span>
     <span class='ocr_line' id='line_1_28' title="bbox 65 2014 867 2082; baseline -0.002 -16"><span class='ocrx_word' id='word_1_174' title='bbox 65 2033 68 2037; x_wconf 76' lang='grc'>’</span> <span class='ocrx_word' id='word_1_175' title='bbox 118 2014 867 2082; x_wconf 72' lang='lat' dir='ltr'>.Stridentenrquenovospumamcumsanguinefundi</span> 
     </span>
     <span class='ocr_line' id='line_1_29' title="bbox 133 2081 867 2136; baseline -0.001 -1"><span class='ocrx_word' id='word_1_176' title='bbox 133 2083 266 2135; x_wconf 83' lang='lat' dir='ltr'>Vulneris</span> <span class='ocrx_word' id='word_1_177' title='bbox 277 2087 374 2131; x_wconf 90' lang='lat' dir='ltr'>auctor</span> <span class='ocrx_word' id='word_1_178' title='bbox 384 2081 476 2132; x_wconf 86' lang='lat' dir='ltr'>adest:</span> <span class='ocrx_word' id='word_1_179' title='bbox 488 2081 595 2135; x_wconf 89' lang='lat' dir='ltr'>hostem</span> <span class='ocrx_word' id='word_1_180' title='bbox 616 2084 756 2134; x_wconf 81' lang='lat' dir='ltr'>ue&#39;irritat</span> <span class='ocrx_word' id='word_1_181' title='bbox 766 2084 803 2134; x_wconf 88' lang='lat' dir='ltr'>ad</span> <span class='ocrx_word' id='word_1_182' title='bbox 813 2085 867 2136; x_wconf 83' lang='lat' dir='ltr'>iras</span> 
     </span>
     <span class='ocr_line' id='line_1_30' title="bbox 134 2099 867 2216; baseline 0.004 -14"><span class='ocrx_word' id='word_1_183' title='bbox 134 2149 340 2216; x_wconf 76' lang='lat' dir='ltr'>splendidaque</span> <span class='ocrx_word' id='word_1_184' title='bbox 352 2149 483 2201; x_wconf 80' lang='lat' dir='ltr'>adversos</span> <span class='ocrx_word' id='word_1_185' title='bbox 493 2099 630 2204; x_wconf 45' lang='lat' dir='ltr'>venabuffa</span> <span class='ocrx_word' id='word_1_186' title='bbox 640 2152 734 2204; x_wconf 78' lang='lat' dir='ltr'>condit</span> <span class='ocrx_word' id='word_1_187' title='bbox 744 2153 773 2204; x_wconf 89' lang='lat' dir='ltr'>in</span> <span class='ocrx_word' id='word_1_188' title='bbox 783 2166 867 2205; x_wconf 76' lang='lat' dir='ltr'>arnam</span> 
     </span>
     <span class='ocr_line' id='line_1_31' title="bbox 75 2217 752 2284; baseline 0.004 -15"><span class='ocrx_word' id='word_1_189' title='bbox 75 2225 128 2276; x_wconf 40' lang='lat'><strong>4201</strong></span> <span class='ocrx_word' id='word_1_190' title='bbox 135 2217 246 2270; x_wconf 87' lang='lat' dir='ltr'>Gaudia</span> <span class='ocrx_word' id='word_1_191' title='bbox 256 2223 395 2270; x_wconf 87' lang='lat' dir='ltr'>testantur</span> <span class='ocrx_word' id='word_1_192' title='bbox 404 2220 473 2271; x_wconf 90' lang='lat' dir='ltr'>socii</span> <span class='ocrx_word' id='word_1_193' title='bbox 484 2221 605 2272; x_wconf 87' lang='lat' dir='ltr'>clamore</span> <span class='ocrx_word' id='word_1_194' title='bbox 616 2221 752 2284; x_wconf 67' lang='lat' dir='ltr'>secundm</span> 
     </span>
     <span class='ocr_line' id='line_1_32' title="bbox 39 2288 867 2358; baseline 0.006 -20"><span class='ocrx_word' id='word_1_195' title='bbox 39 2335 41 2338; x_wconf 88' lang='lat'>.</span> <span class='ocrx_word' id='word_1_196' title='bbox 133 2288 340 2354; x_wconf 74' lang='lat' dir='ltr'>victricemque</span> <span class='ocrx_word' id='word_1_197' title='bbox 349 2294 448 2353; x_wconf 90' lang='lat' dir='ltr'>petunt</span> <span class='ocrx_word' id='word_1_198' title='bbox 458 2289 572 2341; x_wconf 81' lang='lat' dir='ltr'>dextrae</span> <span class='ocrx_word' id='word_1_199' title='bbox 583 2288 867 2358; x_wconf 78' lang='lat' dir='ltr'>coniungeredextrat</span> 
     </span>
     <span class='ocr_line' id='line_1_33' title="bbox 133 2355 804 2423; baseline 0.007 -17"><span class='ocrx_word' id='word_1_200' title='bbox 133 2358 339 2423; x_wconf 82' lang='lat' dir='ltr'>immanemque</span> <span class='ocrx_word' id='word_1_201' title='bbox 350 2355 441 2407; x_wconf 81' lang='lat' dir='ltr'>serum</span> <span class='ocrx_word' id='word_1_202' title='bbox 452 2356 542 2409; x_wconf 88' lang='lat' dir='ltr'>multa</span> <span class='ocrx_word' id='word_1_203' title='bbox 549 2357 653 2422; x_wconf 77' lang='lat' dir='ltr'>tellure</span> <span class='ocrx_word' id='word_1_204' title='bbox 663 2358 804 2411; x_wconf 88' lang='lat' dir='ltr'>iacentem</span> 
     </span>
     <span class='ocr_line' id='line_1_34' title="bbox 134 2424 867 2495; baseline 0.008 -21"><span class='ocrx_word' id='word_1_205' title='bbox 134 2424 271 2476; x_wconf 84' lang='lat' dir='ltr'>Mirantes</span> <span class='ocrx_word' id='word_1_206' title='bbox 281 2427 421 2490; x_wconf 87' lang='lat' dir='ltr'>spectant:</span> <span class='ocrx_word' id='word_1_207' title='bbox 434 2441 523 2492; x_wconf 89' lang='lat' dir='ltr'>neque</span> <span class='ocrx_word' id='word_1_208' title='bbox 532 2425 622 2478; x_wconf 85' lang='lat' dir='ltr'>adhuc</span> <span class='ocrx_word' id='word_1_209' title='bbox 632 2430 797 2495; x_wconf 84' lang='lat' dir='ltr'>contingere</span> <span class='ocrx_word' id='word_1_210' title='bbox 808 2432 867 2480; x_wconf 82' lang='lat' dir='ltr'>tutu</span> 
     </span>
     <span class='ocr_line' id='line_1_35' title="bbox 39 2492 867 2567; baseline 0.006 -24"><span class='ocrx_word' id='word_1_211' title='bbox 39 2504 48 2513; x_wconf 87' lang='lat'><strong>·</strong></span> <span class='ocrx_word' id='word_1_212' title='bbox 134 2493 204 2544; x_wconf 81' lang='lat' dir='ltr'>Esse</span> <span class='ocrx_word' id='word_1_213' title='bbox 214 2493 387 2560; x_wconf 79' lang='lat' dir='ltr'>putant3sed</span> <span class='ocrx_word' id='word_1_214' title='bbox 396 2492 455 2544; x_wconf 87' lang='lat' dir='ltr'>tela</span> <span class='ocrx_word' id='word_1_215' title='bbox 465 2496 867 2567; x_wconf 80' lang='lat' dir='ltr'>tamensuaquisquecruentm</span> 
     </span>
     <span class='ocr_line' id='line_1_36' title="bbox 81 2561 787 2632; baseline 0.001 -18"><span class='ocrx_word' id='word_1_216' title='bbox 81 2562 125 2614; x_wconf 64' lang='lat'>225</span> <span class='ocrx_word' id='word_1_217' title='bbox 134 2561 197 2626; x_wconf 89' lang='lat' dir='ltr'>lpse</span> <span class='ocrx_word' id='word_1_218' title='bbox 207 2562 277 2629; x_wconf 88' lang='lat' dir='ltr'>pede</span> <span class='ocrx_word' id='word_1_219' title='bbox 288 2562 416 2628; x_wconf 88' lang='lat' dir='ltr'>imposito</span> <span class='ocrx_word' id='word_1_220' title='bbox 427 2568 511 2628; x_wconf 85' lang='lat' dir='ltr'>caput</span> <span class='ocrx_word' id='word_1_221' title='bbox 520 2563 662 2616; x_wconf 78' lang='lat' dir='ltr'>exitiabile</span> <span class='ocrx_word' id='word_1_222' title='bbox 673 2567 787 2632; x_wconf 81' lang='lat' dir='ltr'>pressit:</span> 
     </span>
     <span class='ocr_line' id='line_1_37' title="bbox 136 2628 842 2701; baseline 0.011 -20"><span class='ocrx_word' id='word_1_223' title='bbox 136 2631 225 2696; x_wconf 84' lang='lat' dir='ltr'>Atque</span> <span class='ocrx_word' id='word_1_224' title='bbox 235 2633 287 2694; x_wconf 86' lang='lat' dir='ltr'>ita,</span> <span class='ocrx_word' id='word_1_225' title='bbox 297 2628 382 2687; x_wconf 87' lang='lat' dir='ltr'>Sume</span> <span class='ocrx_word' id='word_1_226' title='bbox 392 2630 446 2683; x_wconf 88' lang='lat' dir='ltr'>mei</span> <span class='ocrx_word' id='word_1_227' title='bbox 455 2630 842 2701; x_wconf 81' lang='lat' dir='ltr'>spolium,Nonacria,iuris,</span> 
     </span>
    </p>
   </div>
   <div class='ocr_carea' id='block_1_5' title="bbox 0 0 980 3292">
    <p class='ocr_par' dir='ltr' id='par_1_7' title="bbox 0 0 980 3292">
     <span class='ocr_line' id='line_1_38' title="bbox 0 0 980 3292; baseline 0 0"><span class='ocrx_word' id='word_1_228' title='bbox 0 0 980 3292; x_wconf 95' lang='lat' dir='ltr'> </span> 
     </span>
    </p>
   </div>
  </div>
 </body>
</html>
