1950 3292
72 106 77 115 '
136 117 187 171 174
252 112 255 119 '
318 109 711 169 aovrnnnnsosrs
837 178 839 183 Ι

15 214 19 221 “
86 224 90 229 “
134 201 214 272 'ralis‘
222 224 284 275 erat
293 218 397 271 celtus:
414 216 509 277 facies,
520 231 601 283 quam
611 215 702 266 dicere
712 229 778 266 vere

133 278 292 356 virgineam
301 289 330 339 in
341 288 440 353 pue'ro,
448 285 585 349 puerilem
595 285 624 334 in
634 285 739 350 virgine
749 284 847 350 possis.

134 358 214 408 Hane
223 350 328 422 pariter
338 355 419 414 vidit,
428 354 534 418 pariter
544 352 714 418 Calydonius
724 351 809 404 lieros

78 424 124 476 525
136 426 258 491 Optavit,
269 427 403 475 renuente
412 423 486 474 Deo:
502 422 682 488 flammasque
694 420 815 472 latentes
830 478 835 491 ἱ

135 494 248 554 Hausit,
258 499 287 543 et
296 491 333 544 0!
345 490 425 553 felix,
435 491 458 541 si
469 506 551 558 quem
562 491 735 556 dignabitur,
744 492 844 556 inquit,

134 562 192 613 Ista
202 559 300 612 virum!
312 575 363 610 nec
374 559 455 624 plura
463 562 560 610 sinunt
570 565 742 625 tempusque,
749 559 883 626 pudorque

88 675 92 684 ‚
134 629 246 680 Dicere:
262 630 352 685 maius
361 642 430 693 opus
440 630 533 694 magni
544 629 701 678 certaminis
711 633 802 694 urget.

169 696 245 767 Silva
253 696 385 765 frequens
395 697 533 758 trabibus,
548 710 631 764 quam
640 696 718 746 nulla
729 696 866 748 ceciderat

100 796 107 808 ι
488 771 574 828 aetas,

78 834 126 885 550
134 834 233 900 incipit
242 851 259 887 a
268 835 366 901 plano,
377 835 534 901 devexaque
544 835 678 901 prospicit
687 836 762 884 srvat

137 905 199 964 Quo
210 911 354 970 postquam
363 919 463 956 venere
475 905 539 961 riri3
555 919 618 969 pars
628 905 701 954 retia
711 902 841 955 tendunt:

136 972 255 1024 Vincula
264 986 327 1037 pars
336 972 461 1024 adimunt
470 973 595 1024 canibus:
611 987 673 1037 pars
684 985 781 1036 pressa
792 987 833 1024 se-

110 1060 113 1067 ·
567 1046 670 1091 uuntur

89 1166 92 1173 ¹
138 1107 223 1174 Signa
232 1109 345 1175 pedum;
357 1111 523 1177 cupiuntque
534 1057 882 1174 afrumreperirepelielum

139 1177 264 1229 Concava
272 1179 352 1229 vallis
363 1184 503 1246 erat,qua
512 1194 541 1230 se
552 1178 699 1229 demittere
710 1178 762 1227 rivi

80 1244 127 1296 555
137 1247 288 1297 Assuerant
298 1247 424 1311 pluvialis
434 1262 531 1312 aquae.
552 1248 642 1296 Tenet
652 1247 707 1296 ima
717 1244 834 1297 lacunae

137 1313 228 1364 Lenta
238 1315 321 1374 salix,
331 1314 467 1380 ulvaeque
478 1314 564 1374 leves,
575 1314 861 1379 iunciqucpalustres,

137 1381 314 1446 viminaque,
324 1387 353 1431 et
362 1381 446 1447 longa
456 1396 556 1447 parvae
566 1384 615 1431 snb
626 1383 761 1432 arundine
773 1397 882 1433 manaa

136 1447 210 1498 Hinc
220 1463 286 1513 aper
296 1449 402 1499 excitus
412 1450 517 1500 medios
528 1448 665 1500 violentus
675 1453 703 1500 in
715 1450 809 1501 hostes
832 1466 840 1475 ‘

138 1514 294 1578 Fertur,ut
304 1518 426 1568 excussis
436 1518 497 1568 elisi
506 1520 623 1570 nubibus
633 1520 720 1585 ignes.

79 1579 129 1632 340
140 1581 279 1635 Sternitur
288 1587 400 1635 incursu
408 1602 520 1639 nemus:
536 1594 564 1638 ct
574 1588 705 1653 propulsa
715 1586 855 1654 fragorem

139 1649 214 1702 Silva
229 1653 285 1704 dat
303 1654 468 1707 Exclamant
476 1657 602 1707 iuvenes:
619 1661 819 1722 praetentaque
830 1654 883 1707 fort

42 1736 46 1741 ·
139 1721 209 1771 Tela
218 1726 314 1772 tenent
324 1723 436 1784 dextra,
446 1724 503 1774 lato
513 1725 650 1775 vibrantia
659 1724 745 1775 forro.

139 1787 190 1838 llle
200 1791 269 1850 ruit,
279 1792 439 1857 spargitque
451 1807 546 1854 canes,
556 1798 589 1841 nt
598 1795 713 1859 quisque
722 1794 818 1843 ruenti

38 1866 47 1872 ’
139 1856 248 1908 Obstat:
264 1863 292 1909 et
303 1859 415 1926 obliquo
425 1860 560 1912 latrantes
571 1861 684 1926 dissipat
694 1863 759 1910 ictu.
808 1900 817 1909 .

79 1923 128 1978 545
140 1926 236 1991 Cuspis
248 1925 379 1978 Echionio
390 1931 507 1992 primum
518 1935 645 1981 contorta
656 1929 761 1979 lacerto

53 2043 57 2049 ,
139 1994 219 2045 Vana
230 1993 295 2054 fuit,
305 2000 456 2061 truncoque
468 1997 543 2047 dedit
553 1998 613 2047 leve
622 1996 720 2047 vulnus
731 2011 841 2048 acerno.

138 2059 280 2120 Proxima,
290 2062 315 2109 si
326 2063 417 2112 nimiis
427 2066 561 2118 mittentis
571 2067 675 2117 viribus
686 2080 738 2115 usa

138 2125 201 2177 Non
212 2127 298 2190 foret,
307 2129 336 2179 in
347 2135 426 2197 tergo
436 2134 494 2184 visa
504 2139 546 2185 est
556 2132 674 2185 haesura
683 2136 784 2200 petito:

138 2193 263 2261 Longius
272 2197 306 2247 it:
323 2204 419 2249 auctor
429 2201 479 2251 teli
488 2202 643 2268 Pagasaeus
653 2205 741 2253 lason.

81 2264 129 2316 550
141 2261 265 2326 Phoebe,
276 2267 316 2316 ait
327 2269 500 2333 Ampycides,
511 2273 536 2320 si
544 2276 572 2321 te
584 2270 722 2336 coluique,
733 2268 866 2337 coloque;

140 2330 185 2382 Da
194 2331 273 2394 mihi,
284 2335 356 2400 quod
368 2338 483 2400 petitur,
492 2344 568 2389 certo
579 2340 740 2403 contingere
749 2339 817 2391 telo

142 2399 202 2460 aua
212 2402 316 2465 potuit,
326 2405 452 2468 precibus
462 2406 539 2457 Deus
548 2407 653 2459 annuit.
671 2407 746 2457 lctus
755 2408 790 2457 ab
801 2405 862 2468 illo,

129 2465 197 2518 ·Sed
206 2470 265 2520 sine
275 2470 402 2533 vulnere,
412 2488 490 2539 aper:
507 2473 611 2526 ferrum
621 2474 713 2527 Diana
724 2474 827 2527 volanti

142 2535 301 2588 Abstulerat
310 2539 414 2591 iaculo:
429 2542 535 2607 lignum
544 2544 603 2594 sine
613 2545 740 2595 acumine
751 2543 835 2595 venit.

76 2600 129 2658 355
142 2602 189 2656 lra
199 2603 253 2660 feri
264 2613 344 2663 mota
352 2614 409 2664 esta
423 2625 476 2664 neo
484 2610 700 2665 tulm'melcntus
708 2612 790 2669 arsit:

743 2697 759 2719 X
