1950 3292
133 117 186 184 iro
316 122 348 179 ι’.
368 122 509 178 ovrou
526 121 728 196 ursolus

126 233 348 300 ¹consistuntque
357 228 535 297 loeo,speeie
544 233 704 282 remanente
716 228 856 281 coronae:

131 278 189 366 ilai
200 301 308 354 medius
318 300 429 367 nixique
439 313 512 419 penu
524 304 575 361 est,
587 314 760 367 anguemque
767 298 891 351 tenentis

169 370 311 422 Daedalus
320 370 428 420 interea·
460 373 540 421 reten
550 368 721 437 longumque
731 380 850 439 perosus

134 439 283 501 Exsilium,
293 443 438 505 tectusque
449 437 503 489 soll
512 436 614 489 natalis
625 452 734 500 amore;

77 509 124 560 185
136 509 253 559 Clausus
264 512 325 558 erat
333 506 441 574 pelago.
462 508 566 559 Terras
577 507 651 569 lieet,
661 507 760 573 inquit,
772 511 801 556 et
812 504 891 558 undar

136 577 282 628 Obstruat:
299 581 329 625 et
339 575 445 626 eoelum
457 581 532 628 certe
543 579 631 641 patet:
647 575 746 626 ibimus
757 574 833 626 illac.

136 645 235 694 Omnia
245 644 400 710 possideat3
417 659 473 695 non
484 645 609 712 possidet
620 645 684 694 aera
694 643 796 695 Minos.

136 713 226 763 Dixit:
244 718 272 764 et
282 713 391 780 ignotas
402 716 523 764 amineum
535 713 649 764 dimittit
659 716 687 762 in
698 718 787 764 artes:

34 792 37 800 ·
135 774 326 850 Naturamque
337 788 429 834 norat.
448 782 517 834 Nam
530 785 608 849 ponit
618 784 646 847 in
658 783 755 833 ordine
767 777 880 847 pennas,

77 871 125 922 190
136 851 158 902 A
168 852 282 901 minima
293 858 419 918 coeptas,
429 851 540 919 longam
551 851 677 903 breviore
687 852 829 917 sequenti:

136 918 175 972 Vt
185 921 255 971 olivo
266 922 384 972 erexisse
394 926 481 986 putes.
503 919 548 972 Sic
557 922 663 971 rustica
673 919 813 986 quondam
878 973 881 985 Ι

135 988 244 1039 Fistula
255 989 410 1055 disparibus
421 989 553 1056 paulatim
564 992 653 1056 surgit
663 988 765 1040 arenis.

136 1059 208 1108 'l'um
219 1057 277 1109 lino
288 1058 406 1120 medias,
417 1062 446 1109 et
456 1058 526 1110 ceris
537 1057 635 1125 alligat
644 1059 722 1119 imas,
828 1122 831 1127 .

134 1127 226 1193 Atque
236 1128 277 1178 ita
287 1126 453 1194 compositas
464 1140 549 1192 parvo
560 1127 718 1179 curuamine
729 1122 833 1186 flectit3

79 1198 125 1266 195
135 1195 171 1246 Vt
181 1211 260 1247 veras
270 1197 414 1247 imitentur
425 1210 496 1247 ares.
517 1196 591 1246 Puer
602 1195 694 1246 loarus
705 1209 761 1244 ursa

136 1263 246 1317 Stabat:
262 1272 302 1327 et,
313 1267 426 1331 ignarus
436 1278 526 1315 suase
536 1268 658 1314 tractare
668 1262 782 1330 pericla,

136 1334 191 1383 Ore
202 1334 353 1395 renidenti,
364 1332 446 1383 modo
459 1346 526 1399 quas
536 1346 606 1398 vage
616 1337 741 1383 nroverat
751 1344 828 1392 aura,

136 1401 175 1450 Ca
194 1400 272 1450 tabat
280 1400 400 1466 plumas:
417 1399 517 1450 flavam
528 1400 611 1451 modo
622 1401 723 1467 pollice
734 1415 828 1452 ceram

78 1519 80 1529 ἱ
136 1414 277 1531 Melitene
293 1468 411 1536 lusuque
422 1482 472 1519 suo
482 1469 610 1520 mirabile
621 1470 708 1536 patris

77 1563 124 1596 200
135 1537 307 1603 lrnpediebat
317 1551 394 1605 opus.
414 1537 565 1605 Postquam
575 1553 673 1589 luanus
683 1538 783 1589 ultima
794 1535 891 1602 coepti

135 1607 268 1671 imposita
279 1610 335 1670 est3
349 1607 472 1673 geminas
483 1605 576 1672 opifex
587 1606 698 1658 libravit
706 1608 736 1657 in
747 1605 807 1656 elas

135 1676 198 1741 lpse
209 1690 289 1725 suum
300 1688 414 1740 eorpus:
429 1679 559 1743 motaque
570 1675 700 1741 pependit
712 1677 740 1724 in
750 1688 830 1724 aura.

136 1746 253 1794 instruit
264 1748 293 1794 et
302 1748 410 1793 natum:
426 1742 576 1810 Medioque
587 1749 618 1794 ut
628 1743 716 1795 limite
727 1757 832 1804 curras,

136 1813 226 1874 isare,
237 1813 290 1874 ait,
301 1825 414 1875 moneo,
424 1824 472 1875 ne,
482 1813 506 1862 si
517 1812 662 1864 demissior
672 1813 733 1874 ibis,
846 1808 849 1815 '

79 1881 127 1933 205
135 1880 216 1932 Vnda
227 1886 323 1948 gravet
332 1885 453 1947 pennas}
465 1881 488 1931 si
498 1881 610 1944 celsior,
620 1882 692 1949 ignis
703 1880 813 1930 adurat.

136 1950 215 2000 inter
225 1954 374 2015 utrumque
383 1949 455 2000 vola.
477 1948 535 2000 Neo
546 1955 575 2000 te
585 1956 710 2015 spectare
720 1949 841 2011 Booten,
872 1982 876 1987 -

137 2018 193 2067 Ant
204 2015 321 2066 Helicen
332 2017 427 2078 iubeo,
438 2017 599 2070 strictumve
611 2018 722 2068 Orionis
734 2031 838 2068 ensem.
876 2072 880 2077 ¹

138 2085 186 2136 Me
197 2085 358 2148 docecarpe
368 2085 448 2134 riam.
469 2082 580 2138 Pariter
590 2091 739 2152 praecepta
747 2083 863 2136 volandi

10 2204 17 2211 ,
139 2153 253 2215 Tradit,
269 2157 298 2202 et
308 2154 418 2221 ignotas
429 2150 551 2205 humeris
562 2154 753 2206 accommodat
763 2152 833 2204 alas.

82 2240 130 2278 210
139 2223 217 2274 lnter
227 2221 296 2287 opus'
308 2223 484 2290 monitusque
494 2237 584 2290 genae
594 2223 724 2276 maduere
734 2221 853 2273 seniles:

140 2291 179 2342 Et
189 2291 295 2357 patriae
306 2295 446 2343 tremuere
457 2306 564 2342 sirenus.
585 2291 670 2343 Dedit
680 2290 777 2341 oscula
786 2296 854 2342 nato

139 2359 203 2411 Non
213 2361 315 2411 iterum
325 2359 478 2427 repetenda
487 2375 551 2424 suo,
565 2361 716 2428 pennisque
725 2359 836 2411 levatus

139 2432 211 2483 Ante
221 2428 311 2497 volat,
327 2430 475 2496 comitique
485 2429 572 2481 timet.
593 2427 679 2482 Velut
689 2426 761 2491 ales,
772 2428 807 2481 ab
819 2425 878 2480 alto

141 2497 219 2559 Quae
229 2504 355 2552 teneram
367 2498 474 2566 prolem
485 2498 616 2564 produxit
624 2499 654 2547 in
665 2500 732 2549 a'e'ra
741 2498 817 2560 nido,
845 2528 854 2549 Ι

54 2617 59 2626 ,
78 2566 331 2639 arbsliortaturque
341 2570 434 2640 sequi,
451 2566 653 2634 damnosasque
663 2567 757 2619 erudit
766 2571 855 2620 ortes:

123 2637 168 2689 12¹:
176 2646 277 2698 moret
284 2641 350 2714 ipse
361 2654 444 2708 sues,
455 2642 485 2696 et
494 2638 559 2692 nati
566 2636 687 2706 respicit
694 2633 767 2686 edas.
