1950 3292
10 322 31 471 l

151 439 572 495 METAMORPHOSEON
591 443 668 496 ΜΒ.
688 438 720 497 X.
765 446 818 500 219

62 547 149 608 Misit,
160 548 191 596 et
200 544 341 611 oppositas
351 543 460 596 disiecit
469 545 591 611 pendere
601 547 702 599 nubes:

60 614 167 667 Recidit
175 614 205 664 in
215 613 333 663 solidam
342 612 427 680 longo
437 621 500 680 post
510 620 635 682 tempore
645 621 750 667 terram
830 623 878 676 180

60 683 184 745 Pondus,
195 686 224 734 et
234 680 489 735 exhibuitiunctam
501 700 562 736 cum
573 685 677 736 viribus
687 690 783 738 artem.

58 753 188 805 Protinus
197 750 371 817 imprudens,
381 755 513 820 actusque
523 754 652 821 cupidine
662 753 730 816 ludi,

58 821 174 875 Tollere
183 819 357 872 Taenarides
368 820 464 872 orbem
474 823 653 886 properabat:
669 822 787 876 utillum

59 891 137 943 Dura
145 902 340 956 repercussum
351 889 469 940 subiecit
477 890 507 940 in
518 892 582 940 aera
592 890 687 954 tellus,

58 955 472 1025 insultus‚llyaointhe,tuos.
492 957 634 1023 Expalluit
644 974 741 1028 aeque,
832 954 877 1010 185

58 1031 94 1081 Ac
103 1040 185 1094 puer,
195 1029 255 1093 ipse
264 1025 354 1077 Deus:
372 1025 563 1093 collapsosque
574 1029 676 1094 excipit
686 1035 776 1081 artusr

57 1098 92 1151 Et
101 1095 187 1149 modo
195 1100 227 1146 tc
237 1093 357 1156 refovet,
367 1094 449 1145 modo
459 1096 553 1146 tristia
561 1095 678 1148 vulnera
688 1099 785 1149 siccet:

57 1166 138 1218 Nunc
147 1165 267 1216 animam
280 1162 399 1214 admotis
409 1163 560 1231 fugientem
571 1166 691 1215 sustinet
702 1163 803 1218 herbis.

56 1233 331 1301 Nilprosuntartea:
348 1237 409 1283 erat
417 1232 621 1285 immedicabile
631 1233 739 1285 vulnus.

55 1304 129 1357 vesi
139 1300 311 1370 quievimus,
322 1302 435 1368 riguere
446 1315 566 1367 papaver
574 1303 604 1353 in
614 1300 707 1366 horto,
832 1320 878 1370 ¹9⁰

56 1372 186 1438 {liliaque
196 1368 343 1436 infringat,
354 1370 438 1420 fulvis
447 1369 593 1422 haerentia
602 1373 701 1438 virgin
795 1400 798 1405 ·

55 1439 185 1494 Meroida
194 1439 342 1491 demittant
352 1439 443 1489 subito
454 1444 537 1504 eaput
546 1439 596 1488 illa
606 1445 760 1506 gravatum,

55 1511 114 1563 Nec
123 1523 155 1562 se
165 1509 333 1569 sustineant,
345 1511 524 1574 spectentque
535 1506 677 1558 cacumine
686 1512 799 1560 terrum.

57 1578 104 1631 Sic
112 1577 210 1629 voltus
220 1576 342 1629 moriens
352 1577 437 1638 iacet,
447 1580 475 1627 et
485 1574 595 1627 defecta
605 1577 701 1642 vigore

57 1649 123 1714 losa
133 1647 187 1698 sibi
198 1651 241 1696 cet
251 1645 327 1695 oneri
338 1646 444 1707 cervix,
454 1642 625 1711 humeroque
636 1645 781 1696 recumbit
833 1647 878 1711 195

56 1716 190 1776 Laberis,
200 1711 347 1774 Oebalide‚
358 1715 448 1778 prima
458 1712 587 1765 fraudate
596 1717 719 1776 iuuenta,

57 1784 187 1836 Phoebus
196 1783 248 1833 ein
259 1781 394 1847 videoque
401 1786 494 1843 tuum,
504 1784 699 1847 meacrimina,
711 1784 819 1835 uulnus.

58 1855 103 1905 Tu
113 1852 195 1903 dolor
205 1866 248 1913 es,
259 1850 422 1915 facinusque
430 1863 531 1899 meum.
550 1851 617 1900 Mea
628 1851 743 1901 dextera
753 1852 810 1903 leto

57 1919 238 1973 lnscribenda
247 1923 297 1968 tuo
309 1923 360 1968 eet.
380 1918 439 1984 Ego
450 1931 510 1966 sum
520 1917 571 1967 tibi
583 1917 688 1967 funeris
699 1924 806 1968 auctor.

58 1992 211 2054 Quaemea
221 1987 301 2054 culpa
310 1985 422 2038 tament
436 1987 489 2037 uisi
499 1986 522 2036 si
533 1986 632 2038 lusisse
642 1987 735 2037 vocari
833 2002 882 2039 ooo

60 2058 147 2127 culpa
156 2062 263 2125 potest:
273 2057 326 2107 nisi
336 2055 419 2123 culpa
428 2060 533 2122 potest,
545 2062 574 2107 et
584 2070 703 2116 amasse,
712 2056 821 2118 rocari3

10 2112 13 2179 l
57 2130 150 2195 Atque
159 2127 265 2177 aunam
276 2139 324 2192 pro
335 2126 472 2187 tonitam,
483 2130 608 2175 tecumve
619 2124 717 2175 liceret

58 2194 199 2249 Reddere!
214 2193 404 2260 sedquoniam
416 2191 495 2241 fatali
504 2192 566 2258 lege
578 2199 720 2253 tenemur3

60 2264 177 2332 Semper
186 2264 242 2315 sris
252 2259 556 2327 mecum,memoiique
565 2259 692 2312 haerebis
702 2261 730 2311 in
740 2275 800 2312 ore.

60 2336 103 2386 'l'e
114 2334 187 2401 lyra,
198 2331 280 2399 pulsa
290 2345 383 2391 mauu,
392 2335 422 2382 te
433 2330 556 2381 carmina
567 2335 663 2380 nostra
672 2330 821 2382 sombuut:
834 2328 883 2381 205

60 2404 184 2470 Flosque
194 2414 281 2452 novos
291 2401 394 2465 scripto
404 2399 523 2466 gemitus
533 2398 677 2450 imitabere
687 2405 807 2451 nostros.

62 2474 185 2538 'lempna
195 2475 225 2521 et
234 2465 305 2520 illud
314 2470 382 2530 erit,
393 2481 447 2535 quo
458 2482 488 2518 se
499 2466 669 2519 sociauimus
677 2466 762 2519 heros

39 2542 42 2551 '
62 2540 156 2594 Addat
165 2540 194 2591 iis
204 2536 278 2590 hunc
289 2537 400 2600 florem,
410 2535 534 2602 folioque
543 2536 654 2604 legatur
665 2536 772 2589 eodem.

62 2609 147 2662 Telis
158 2608 223 2660 duur
232 2620 298 2660 vero
308 2610 499 2657 memorentur
506 2605 641 2671 Apollinis
653 2619 711 2666 ore,

62 2678 137 2730 Face
148 2686 244 2739 cruor,
255 2676 302 2744 qui
313 2674 391 2726 fusus
400 2672 478 2724 humi
488 2674 648 2741 signaverat
657 2672 780 2739 herbum,
837 2691 887 2725 210

62 2747 177 2801 Desinit
186 2754 246 2798 'esse
256 2757 352 2805 eruor,
362 2744 506 2811 Tyrioque
516 2743 649 2795 nitentior
660 2747 736 2795 ostro

67 2811 134 2867 Flos
142 2817 248 2877 oritur,
257 2813 432 2880 formamque
442 2811 530 2879 capit,
540 2827 622 2880 quam
631 2812 703 2863 lilia:
718 2812 743 2864 si
752 2825 808 2866 uon

64 2879 764 2953 Purpureuseolorhuic‚argenteusessetlnillls.

52 2947 855 3021 ,Noasausuoel’lootoasciscamimteuetornouorla
