1950 3292
53 418 412 474 i'lAMORPHOSEON
431 423 509 476 ΜΒ.
529 427 615 480 vill.
636 427 685 483 1⁷3

53 521 113 574 luit:
130 521 228 575 (lentes
237 525 530 591 sequunturdentilrur
539 529 623 584 ludia.

54 591 89 642 alr
100 593 246 645 mevenit:
261 591 374 645 frondes
384 594 527 648 afflatibus
537 599 644 652 ardent.

55 661 192 725 eresceuti
201 666 309 726 segetes
318 664 463 728 proculcat
473 666 502 716 in
513 664 611 719 herba:
696 686 745 738 apo

53 734 124 781 itura
134 732 214 781 metit
222 729 315 780 sseturi
326 738 390 784 vota
400 733 503 785 coloni:
605 767 611 780 ,

53 813 102 850 em
112 798 141 848 iu
151 799 234 864 spicis
244 799 391 867 intercipit
412 802 608 868 Areofrustra,

53 883 76 918 ·a
87 873 250 932 exspectant
258 870 406 933 promissas
416 868 518 924 horrea
526 887 639 926 messes.

53 943 95 987 tur·
103 937 212 1004 gravidi
222 936 306 1004 longo
317 953 378 990 eum
390 940 503 1004 palmite
515 941 615 1005 foetus,

55 1020 143 1058 ecum
155 1007 239 1056 ramis
249 1021 358 1072 semper
368 1006 523 1060 frondentis
534 1010 631 1062 olivae.
696 1014 744 1080 295

53 1075 96 1126 tin
107 1075 232 1140 pecudes.
252 1075 312 1126 Non
326 1073 376 1126 has
386 1083 514 1143 pastorve
527 1093 650 1147 canesr‘e,

53 1149 125 1195 iente
133 1149 225 1195 truces
235 1150 352 1209 possunt
362 1145 510 1198 defendere
521 1149 603 1199 tauri.
643 1166 647 1170 ·

53 1216 84 1263 nt
93 1212 202 1278 populi,
214 1228 264 1264 neo
274 1228 316 1276 se,
326 1215 380 1265 nisi
392 1215 536 1267 moenibus
546 1215 631 1279 urbis,

53 1288 105 1333 ant
114 1287 203 1332 tutos:
220 1282 308 1334 donec
318 1283 489 1351 Meleagros,
500 1289 594 1336 etune

53 1365 120 1402 anuo
128 1353 257 1401 iuvenum
268 1356 359 1403 colere
370 1354 498 1418 cupidine
508 1352 606 1404 laudis.
699 1355 747 1404 eoo

53 1419 106 1471 dae
116 1421 231 1486 gemini,
241 1426 380 1484 spectatus
391 1423 528 1473 caestibus
539 1422 619 1483 alter,

53 1502 97 1539 uo:
113 1489 272 1553 primaeque
283 1489 351 1538 ratis
361 1489 475 1540 molitor
484 1493 574 1551 lason,

53 1556 182 1618 Pirithoo,
193 1555 261 1606 felix
272 1557 431 1618 concordia,
443 1556 578 1620 ’l'heseus,
669 1568 672 1572 ’

53 1624 209 1677 lhostiadae
215 1661 223 1687 ,
233 1625 380 1693 prolesque
390 1624 528 1693 Aphareia
538 1624 679 1694 Lynceus,

60 1694 139 1757 Idam
153 1699 182 1746 et
192 1695 243 1744 iam
255 1709 309 1745 non
321 1695 424 1746 femina
434 1696 566 1758 Caeneus,
698 1693 747 1747 305

53 1779 136 1830 usque
146 1763 239 1824 ferox,
250 1764 396 1831 iaculoque
406 1765 522 1831 insignis
530 1765 655 1827 Acastus,

53 1847 170 1899 eosque,
185 1832 391 1950 Dryfflque'pff
405 1840 497 1911 erotus
511 1834 663 1898 Amyntore

383 1912 465 1949 oonrn

53 1984 130 2040 reque
141 1984 234 2036 pares,
246 1973 275 2020 et
284 1966 383 2018 missus
393 1967 427 2018 ab
438 1935 519 2019 Elide
529 1965 660 2032 Phyleus

53 2055 130 2090 rmon
141 2041 250 2101 aberat,
261 2039 407 2105 magnique
418 2042 527 2088 creator
536 2033 662 2088 Achillis:

62 2106 281 2168 Pheretiade,et
291 2108 424 2172 Hyanteo
435 2106 512 2155 lolao
557 2134 559 2138 >
696 2103 748 2178 319

56 2178 208 2242 Eurytion,
221 2181 249 2226 et
259 2189 341 2226 cursu
351 2175 469 2223 invictus
479 2171 595 2233 Echion,

53 2260 120 2312 sque
136 2244 237 2307 Lelex,
253 2243 466 2361 Panopeusque,
481 2239 654 2308 Hyleusque,
708 2282 710 2286 .
730 2279 733 2282 ⁴

354 2325 477 2378 eroxque

53 2398 80 2446 s,
91 2388 121 2436 et
131 2383 226 2449 primis
237 2382 388 2432 etiamnum
398 2378 502 2431 Nestor
511 2380 538 2429 in
550 2378 641 2429 armis.
718 2424 724 2428 .
801 2377 814 2403 '·

53 2453 219 2519 Hippocoon
229 2451 348 2516 antiquis
357 2449 433 2500 misit
443 2448 581 2515 Amyclis3

53 2536 136 2588 esque
147 2535 239 2581 socer,
250 2534 312 2569 cum
323 2516 468 2569 Parrhasio
478 2517 595 2578 Ancaeo,
698 2511 771 2569 315.
835 2539 844 2547 ·

53 2591 150 2656 leoque
160 2603 259 2656 sagax,
269 2594 298 2639 et
308 2584 398 2638 adhue
409 2602 426 2637 e
435 2586 551 2653 coniuge
560 2588 639 2634 tutus

53 2675 70 2721 r,
79 2661 254 2726 nemorisque
266 2656 348 2706 decus
358 2656 487 2723 Tegeaea
496 2653 607 2719 Lycaei.

53 2720 104 2779 liic
113 2740 249 2777 summam
259 2724 404 2775 mordebat
414 2723 499 2774 libula
508 2730 627 2783 vestem,

53 2801 91 2848 fet
100 2794 231 2861 simplex,
241 2793 345 2845 nodum
356 2792 490 2844 collectus
499 2791 528 2840 in
538 2802 635 2840 unum:

53 2878 97 2919 ero
107 2864 230 2933 pendens
240 2861 389 2915 resonabat
399 2859 521 2914 eburnea
529 2858 617 2910 laevo*
697 2856 748 2910 520
845 2848 863 2905 .'

53 2939 179 2987 seueros.-
192 2947 286 2985 areum
297 2938 408 3002 quoque
418 2929 500 2987 laeve
508 2926 637 2986 tenebat.
