1950 3292
249 106 317 171 'no
448 114 479 167 r.
497 92 637 168 coron
657 107 838 167 ursonis

193 255 197 263 ·
265 218 391 288 Concipit
400 220 509 272 interea
517 216 623 269 validos
633 215 744 269 Aeetias
753 216 844 282 ignem

224 302 255 340 ro
263 288 300 341 Et
309 288 416 341 luctata
425 289 485 350 diu,
495 292 641 355 postquam
651 285 759 335 ratione
770 283 893 337 furorem

265 359 385 410 Vincere
396 373 450 409 nou
481 361 584 419 oterat3
604 353 734 418 Frustra,
744 353 860 415 Medea,
871 365 973 419 repng

209 448 212 453 ·
266 426 367 480 Nescio
383 428 444 495 quis
460 373 537 477 fieus
553 424 657 497 obstat,
670 426 720 541 ulit:
741 424 910 490 mirumque,
925 423 968 472 nis

311 498 315 511 “
700 497 793 554 occet,

265 567 322 617 Aut
331 563 435 630 aliquid
446 568 523 615 certe
533 561 624 614 simile
633 559 705 622 huic,
715 561 789 629 quod
799 575 893 611 amare
903 575 938 611 vo
961 596 963 603 >

156 630 164 647 Χ
266 633 336 685 Nam
348 646 397 682 cur
406 633 482 685 iussa
491 632 578 697 patris
589 633 704 681 nimium
714 629 782 685 mihi
792 630 862 680 dura
871 629 968 681 rident

227 702 257 753 15
268 700 339 752 Sunt
353 715 461 769 quoque
478 700 549 757 dura
565 701 652 753 nimo.
679 699 747 761 Cur,
762 713 842 766 quern
861 698 944 749 modo

680 767 874 841 deniqueridi,

266 836 308 889 Nc
319 843 428 904 percat,
438 836 541 890 timeoi
555 850 626 906 quac
637 836 708 889 tanti
719 851 817 895 caussa
829 834 955 889 unieris!

266 907 373 959 Excute
384 908 506 974 virgineo
517 911 665 973 conceptas
674 910 789 977 pectore
800 904 935 968 flammas,

162 976 167 981 '
267 974 296 1026 Si
305 981 397 1040 potes,
408 976 514 1027 infelix.
534 974 564 1027 Si
575 990 697 1042 possem,
708 976 801 1025 sanior
811 990 908 1025 essem.

267 1043 322 1096 Sed
332 1043 419 1096 trahit
427 1046 541 1097 inritam
553 1058 624 1095 nora
634 1043 688 1106 ris;
702 1043 834 1113 aliudque
846 1043 963 1110 Cupido,

192 1142 199 1153 κ
224 1128 257 1163 20
266 1113 347 1164 Mens
356 1113 432 1166 aliud
443 1113 551 1168 suadet.
572 1113 662 1167 Video
673 1111 804 1175 meliora,
816 1113 971 1180 proboque:

161 1176 202 1217 ·'·'
266 1182 417 1234 Deteriora
427 1197 538 1250 sequor.
558 1182 631 1245 Quid
641 1183 670 1231 in
680 1179 801 1248 hospite,
812 1183 889 1249 regia
899 1184 971 1249 virg

267 1249 380 1303 Vrerisi
395 1257 424 1304 et
433 1252 571 1304 thalamos
582 1251 665 1303 alieni
677 1252 798 1317 concipis
809 1249 901 1302 orbisi

267 1319 472 1389 flacciquoque
486 1325 562 1372 terra
577 1323 681 1385 potest,
698 1320 771 1385 quod
787 1335 875 1381 aines,
891 1319 968 1371 dare.

354 1420 359 1424 -
682 1388 885 1450 Vivat,anillo

197 1518 201 1523 .
267 1456 393 1518 Occidet,
404 1460 432 1506 in
443 1456 494 1507 Dis
505 1460 559 1507 eet:
574 1455 649 1506 vivat
659 1460 767 1519 tamen3
783 1457 866 1524 idque
878 1472 974 1524 precor

224 1524 257 1577 25
268 1523 322 1577 vei
330 1526 388 1577 sine
399 1539 495 1576 amore
505 1525 579 1575 iicet.
600 1525 675 1587 Quin
686 1526 757 1577 enim
768 1528 906 1577 commisit
917 1528 972 1578 iiis

267 1593 370 1656 Quam,
381 1596 434 1645 nisi
444 1593 597 1656 crudelem,
609 1608 664 1644 non
674 1599 772 1662 tangat
781 1595 887 1646 iiisonis
898 1601 953 1647 oet
967 1618 975 1630 *⁴

266 1663 304 1713 Et
312 1678 413 1730 genus,
423 1668 452 1716 et
460 1661 565 1714 virtusi
580 1678 662 1730 quam
671 1678 741 1726 non,
752 1671 783 1715 ut
793 1670 903 1716 caetera
913 1665 971 1717 desi

267 1730 370 1783 Forma
379 1747 491 1783 movere
501 1730 611 1799 potest?
625 1737 699 1784 certe
711 1747 773 1783 nica
783 1741 897 1798 pectora
908 1749 969 1785 mor

266 1801 314 1863 nt,
326 1802 379 1851 nisi
390 1816 470 1867 opem
479 1801 586 1865 tulero,
596 1806 741 1853 taurorum
752 1800 892 1855 afflabitur
902 1817 964 1854 oro:

223 1870 257 1922 50
267 1868 476 1938 concurretque
486 1885 552 1922 snae
563 1871 662 1938 segeti,
673 1870 776 1922 tellure
787 1873 888 1921 creatis

267 1938 415 1991 Hostibus:
433 1945 482 1991 aut
493 1940 573 1991 avido
585 1941 696 1992 dabitur
707 1938 767 1990 fera
776 1940 880 2004 praeda
890 1938 974 1993 droco

265 2007 329 2058 Hoc
339 2023 390 2075 ego
402 2011 425 2058 si
436 2013 540 2074 patiar,
549 2013 610 2063 tum
621 2024 664 2059 me
675 2007 710 2059 de
721 2007 822 2074 tigride
834 2014 936 2070 natum,

267 2075 339 2125 Tum
351 2076 454 2128 ferrum
465 2082 494 2128 et
503 2076 632 2141 scopulos
641 2082 752 2145 gestare
762 2079 790 2127 in
802 2076 886 2129 corde
897 2077 973 2129 fateb

269 2143 324 2194 Cur
335 2159 389 2194 non
401 2149 429 2196 et
438 2149 532 2211 specto
544 2143 724 2210 percuntemi
739 2144 889 2216 oculosque
899 2147 962 2199 ride

224 2210 256 2264 35
269 2212 452 2265 Consceleroi
469 2228 518 2266 cur
527 2228 582 2265 non
592 2219 689 2283 tauros
699 2213 833 2267 exhortor
842 2218 870 2265 in
881 2214 973 2279 illum,

268 2282 488 2349 'terrigenasque
500 2282 587 2345 ieros,
597 2284 802 2353 insopitumque
812 2283 962 2337 draconem
972 2291 974 2298 ’

267 2350 304 2401 Di
315 2349 536 2402 nieliorarelint.
557 2353 729 2421 Quemquam
739 2367 795 2405 non
805 2355 972 2419 istoprecao

269 2418 322 2471 Sed
339 2419 465 2471 facienda
475 2419 549 2471 inihi.
569 2422 728 2474 Prodamne·
736 2436 787 2489 ego
792 2435 885 2488 regna
895 2436 963 2489 pare

268 2490 357 2554 Atque
368 2503 420 2555 ope
430 2491 522 2540 nescio
533 2491 595 2558 quis
605 2491 761 2543 servabitur
770 2489 877 2541 advena
888 2498 975 2543 nostr

224 2556 259 2608 40
268 2556 305 2606 vt
314 2572 362 2624 per
373 2574 416 2609 rne
427 2573 534 2626 sospes,
544 2561 605 2612 sine
615 2575 673 2621 me,
684 2560 732 2611 det
741 2559 826 2611 lintea
835 2562 933 2624 ventis,

264 2625 368 2696 Virque
378 2629 419 2682 sit
428 2628 563 2697 alterius3
577 2628 961 2703 noenaeidedearexinquaii
