1950 3292
123 450 538 510 METnMoRPHosEoN
555 456 635 511 inu.
654 460 738 511 vlll.
765 460 814 512 177

54 560 145 623 Dixit,
156 563 187 612 et
195 560 224 612 iu
234 562 343 627 partem
352 561 444 613 veniat
453 557 520 612 mihi
531 561 624 629 gloria
633 566 735 616 tecum.
836 553 838 558 ’

54 630 186 682 Protinus
196 629 321 690 exuvias,
332 630 427 695 rigidis
438 628 583 681 horrentia
592 633 659 683 setis

55 700 160 765 Terga,
172 696 233 759 dat,
244 702 273 748 et
282 700 388 764 magnis
398 698 517 766 insignia
527 697 657 751 dentibus
667 712 725 750 ora.

55 767 98 819 lili
108 767 235 818 laetitiae
244 770 287 818 est
297 780 358 816 cum
368 781 482 818 nruuere
492 770 616 820 muneris
626 774 733 820 auctor.
826 768 876 819 450

54 835 182 888 Invidere
193 833 255 897 slii3
270 839 387 901 totoque
398 838 459 886 erat
465 838 579 904 agmine
590 851 722 888 murmur.

22 954 25 965 ,
55 901 201 972 liquibus,
211 903 317 970 ingenti
328 903 474 957 tendentes
482 904 595 956 brachia
605 920 681 968 voce,
851 952 861 966 ,

12 1010 15 1015 -
56 972 132 1025 Pone
141 986 206 1041 age,
217 986 269 1023 nec
278 971 376 1022 titulos
386 973 534 1039 intercipe,
544 973 660 1036 femina,
671 980 789 1035 nostros,
843 1012 846 1017 .

56 1039 226 1101 Thestiadae
237 1040 371 1092 clamant:
386 1057 439 1093 neu
449 1043 588 1094 teliducia
598 1042 705 1093 formae
782 1062 788 1067 ·
923 1043 927 1055 '

56 1110 198 1176 Decipiat3
215 1109 352 1176 longeque
362 1115 411 1160 tuo
423 1112 459 1161 sit
470 1117 564 1177 captus
574 1125 668 1162 aurore
824 1107 874 1163 435

55 1180 172 1230 Auctor:
188 1182 221 1230 et
228 1175 291 1229 huic
301 1179 427 1230 adimunt
436 1195 550 1242 munus,
560 1181 605 1239 ius
613 1183 735 1230 muneris
747 1177 798 1228 illi.

56 1247 118 1300 Non
128 1247 209 1308 tulit,
220 1251 249 1297 et
257 1247 365 1297 tumida
374 1247 505 1300 frendens
515 1249 671 1299 Mavortius
681 1249 732 1309 ira,

55 1385 143 1436 Facta
153 1384 235 1434 minis
246 1390 378 1451 quantum
391 1387 504 1437 distent:
519 1386 665 1452 hausitque
675 1383 796 1438 nefando

57 1454 176 1506 Pectora
184 1451 376 1518 Plexippi‚nil
386 1454 442 1505 tale
453 1457 591 1516 timentia,
603 1454 688 1504 ferro.
827 1449 877 1501 440

56 1524 167 1582 'l‘oxea,
178 1521 245 1588 quid
255 1521 352 1584 faciat,
363 1522 488 1585 dubium,
498 1525 658 1589 pariterque
668 1522 807 1573 volentem

58 1589 157 1641 llcisci
168 1587 296 1651 fratrem,
307 1588 485 1659 fraternaque
497 1593 554 1642 lata
564 1593 718 1652 timentem,

58 1658 140 1709 Haud
150 1659 257 1724 patitur
266 1659 393 1711 dubitare
403 1661 463 1711 diu:
478 1661 653 1727 calidumque
664 1661 751 1726 priori

58 1726 150 1778 Caede
160 1726 303 1778 recalfecit
313 1731 433 1780 consorti
443 1733 577 1797 sanguine
587 1729 682 1780 telum.

89 1795 174 1846 Dono
182 1795 272 1846 Derim
282 1797 407 1860 templis,
417 1805 483 1847 nato
493 1800 613 1859 victore,
624 1798 740 1856 ferebat,
826 1792 877 1847 445

58 1863 126 1914 Cum
134 1863 214 1915 videt
223 1865 359 1915 extinctos
370 1863 486 1926 fratres,
497 1865 626 1925 Althaea,
636 1865 742 1915 referri.

57 1933 134 1994 Quae
140 1968 149 1994 ‚
159 1932 293 1999 plangore
303 1933 383 1994 dato,
394 1934 507 1984 moestis
518 1932 669 1982 ululatibus
680 1931 775 1981 urbem

56 2000 169 2068 implet,
180 2005 210 2052 et
220 2004 325 2051 auratis
336 2004 453 2067 mutavit
463 2002 583 2053 vestibus
594 2006 677 2050 atras.

57 2071 92 2121 ht
101 2069 186 2122 simul
195 2075 240 2122 est
249 2077 347 2121 auctor
357 2072 430 2122 necis
441 2071 545 2134 editus;
561 2069 664 2121 excidit
674 2065 764 2119 omnis

55 2139 170 2200 Luctus,
182 2143 211 2189 et
220 2153 238 2188 a
248 2138 369 2189 lacrimis
377 2141 405 2189 in
416 2153 522 2206 poenae
531 2152 628 2189 versus
638 2137 820 2186 amoremest.
829 2132 879 2185 450

56 2206 149 2274 Stipes
160 2212 232 2268 erut,
243 2214 337 2273 quem,
348 2223 408 2258 cum
420 2214 517 2273 partus
528 2208 610 2258 enixa
618 2206 723 2256 iaceret

56 2274 201 2338 Thestias,
211 2277 239 2324 in
250 2274 387 2326 llammam
398 2274 523 2342 triplices
533 2288 651 2341 posuere
662 2271 790 2324 Sorores:

56 2342 237 2412 staminaque
248 2347 382 2410 impresso
394 2345 491 2396 fatalia
501 2343 602 2410 pollice
611 2348 717 2404 nentes,

56 2414 212 2478 Tempora,
223 2413 487 2476 dixerunt‚'eadem,
498 2414 629 2481 lignoque
639 2413 753 2478 tibique,

58 2480 94 2533 ΟΞ
104 2481 189 2532 modo
199 2487 273 2543 nate,
285 2481 389 2533 damus.
400 2482 461 2543 Quo
468 2478 820 2550 postquamcarminedlcto
830 2474 881 2529 455

56 2551 209 2602 Excessere
219 2550 312 2614 Deam
328 2551 491 2619 flagrantem
503 2557 592 2604 mater
603 2552 636 2603 ah
647 2551 711 2618 igne

57 2608 168 2684 Eripuit
176 2624 295 2681 torrem,
306 2623 461 2689 sparsitque
468 2620 639 2688 liquentibus
650 2613 739 2671 un'dls.

57 2686 109 2738 ille
119 2687 166 2737 diu
178 2687 272 2751 luerat
280 2690 469 2755 penetralibus
481 2691 590 2741 abditus
600 2691 678 2741 imis:

58 2752 246 2823 Servatosque
255 2761 632 2821 tuos,iuvenis,servaverat
642 2771 737 2810 annos.
812 2778 818 2784 ·
840 2756 842 2768 '
880 2754 890 2767 ‘

57 2822 183 2892 Protulit
192 2823 265 2878 hunc
274 2830 411 2894 genetrix,
421 2829 605 2896 taedasquein
613 2827 821 2898 fragminaponi
830 2828 880 2885 460
912 2858 916 2865 =
959 2859 962 2869 ·

59 2891 709 2964 imperat,etpositisinimicosadmovetigncs.
947 2902 950 2907 '

59 2962 131 3014 'lum
142 2969 244 3016 conata
255 2970 354 3034 quater
365 2965 482 3017 llammis
492 2969 635 3034 imponere
646 2972 762 3030 ramum,

94 3029 147 3084 0v.
159 3033 193 3084 Τ.
204 3033 237 3088 ll.
280 3080 283 3085 .
607 3035 642 3086 Μ-
