1950 3292
10 362 17 401 Ι
646 392 655 399 .

10 408 17 481 l
160 441 726 500 unrnnsoaruosaenura.ra
771 414 839 506 21ss
909 503 916 510 .

63 546 120 610 Qui
131 545 267 598 citharam
278 548 382 610 nervis,
393 552 422 600 et
431 550 522 600 nervis
532 554 671 615 temperat
681 558 770 604 arms.

62 616 192 685 Namque
202 626 280 668 sacer
289 616 425 683 Nymphis
437 617 572 670 Carthaea
582 620 739 671 tenentibus
749 633 816 674 arte

63 687 165 752 ingens
176 699 274 736 cerrus
285 691 358 736 erat:
374 687 484 754 lateque
493 689 653 754 patentibus
665 689 737 740 altas
819 689 823 694 '
836 703 884 742 nu

62 755 126 820 lpse
135 767 187 805 suo
199 756 282 820 capiti
293 755 442 822 praebebat
453 758 581 808 cornibus
591 759 718 808 umbras:

64 823 175 874 Cornua
184 821 330 889 fulgebant
339 838 422 875 auro:
439 825 610 892 demissaque
620 827 648 874 in
660 840 754 878 armos

63 891 227 944 Pendebaut
235 893 318 945 tereti
329 898 468 958 gemmata
478 894 592 945 monilia
602 895 684 945 celle.
719 903 722 912 '

64 960 149 1011 Bulla
158 974 244 1025 super
254 959 374 1011 frontem
385 963 478 1027 parvis
487 967 620 1030 argentea
630 963 701 1014 loris·

10 1068 15 1089 ι
68 1030 165 1081 vincta
173 1030 350 1092 merebatur3
368 1029 524 1096 parilesque
535 1045 569 1082 ex
580 1030 789 1095 aerenitebent,
836 1031 884 1085 115

67 1098 180 1149 Auribus
190 1098 221 1147 in
231 1097 361 1165 geminis,
372 1100 475 1149 circum
489 1113 555 1150 cava
564 1105 702 1164 tempera,
713 1101 822 1152 baccae.

10 1166 12 1185 ²
66 1166 142 1234 lsque
151 1171 230 1217 metu
240 1168 542 1234 vacuus‚naturalique
553 1182 654 1234 laevore
862 1168 865 1175 '

65 1233 211 1301 Deposito,
222 1235 362 1287 celebrare
373 1234 483 1298 demes,
494 1236 693 1303 mulcendaque
704 1236 778 1289 colla
862 1260 873 1277 ι

67 1303 224 1366 Quamlibet
233 1305 335 1370 ignotis
345 1306 471 1356 manibus
481 1305 616 1371 praebere
626 1305 746 1357 solebatr

60 1369 116 1433 ,Sed
126 1379 224 1424 tamen
236 1377 303 1423 aute
311 1374 393 1435 alius,
404 1375 475 1424 Ceae
487 1372 672 1440 pulcherrime
682 1375 785 1440 gentis,
838 1385 885 1422 120

68 1441 168 1493 (iratus
179 1446 253 1502 erat,
265 1442 425 1506 cyparisse,
436 1443 496 1492 tibi.
516 1443 560 1492 'l‘u
569 1441 671 1506 pabula
682 1456 794 1493 cervum

66 1511 101 1561 dd
112 1525 201 1571 nura,
209 1513 241 1559 tu
251 1509 348 1575 liquidi
360 1511 481 1562 ducebas
490 1510 574 1561 fontis
586 1510 621 1560 ad
632 1511 747 1560 undam:

66 1577 104 1629 'lu
114 1578 202 1630 modo
211 1578 325 1628 terrebas
335 1580 427 1629 varios
437 1593 487 1644 per
498 1593 603 1629 cornua
613 1577 711 1629 lieres:

63 1643 153 1710 Nune,
165 1661 251 1713 eques
261 1648 290 1697 in
300 1651 380 1714 tergo
390 1648 531 1709 residens,
540 1646 596 1698 hue
604 1647 678 1698 latus
688 1651 718 1699 et
727 1645 798 1699 illue

60 1711 161 1767 Mollia
170 1717 318 1782 purpureis
329 1715 458 1768 frenabas
469 1730 519 1766 ora
529 1717 664 1781 capistris.
837 1712 885 1766 125

26 1840 30 1847 ,
60 1783 161 1837 lessus
172 1789 248 1845 erat,
258 1784 419 1851 mediusque
431 1785 501 1834 dies:
516 1783 646 1850 Solisque
654 1799 757 1851 vapore

10 1864 16 1945 q
58 1853 192 1906 Ceneava
200 1851 307 1904 littorei
317 1851 460 1902 fervebant
469 1850 582 1901 brachia
594 1853 700 1900 Caneri.

51 1915 164 1974 Fessus
172 1922 203 1971 iu
214 1918 332 1972 herbosa
342 1921 436 1987 posuit
445 1933 497 1969 sua
507 1931 624 1984 cerpera
633 1922 713 1968 terre

10 1984 14 1995 '
52 1988 345 2053 Cervus,etarb0rea
355 1988 473 2039 ducebat
483 1986 571 2054 frigus
581 1986 617 2037 ab
626 1987 735 2037 umbra.

44 2052 144 2111 Hune
152 2073 224 2126 puer
234 2057 394 2124 imprudens
404 2056 494 2108 iaculo
507 2056 672 2122 Cyparissus
684 2055 768 2107 acute
837 2051 885 2105 130

41 2119 153 2179 Fixite
165 2132 208 2190 et,
217 2131 341 2178 utsaevo
352 2127 517 2177 morientem
526 2125 640 2175 vulnere
650 2124 728 2186 vidit,
803 2142 806 2147 ¹

41 2187 144 2249 Velle
154 2197 228 2248 meri
237 2196 344 2247 statuit.
365 2197 443 2258 Quae
454 2208 510 2245 non
520 2192 621 2244 solatia
631 2190 758 2243 Phoebus

40 2256 159 2316 Dixitl
173 2271 203 2316 et
213 2270 245 2316 ut
255 2264 367 2326 leviter,
376 2277 426 2330 pro
437 2263 607 2329 materiaque
618 2259 738 2324 doleret,

39 2333 221 2387 Admonuit.
233 2333 491 2385 Gemitilletemen:
502 2345 656 2398 munusque
661 2342 822 2396 supremum

40 2394 125 2454 Huc
135 2400 546 2469 petitaSuperis‚uttempere
556 2400 653 2468 lugeat
662 2401 745 2450 omni.
837 2391 884 2447 235

41 2465 190 2539 lamque,
200 2485 251 2538 per
259 2471 409 2530 immensos
419 2475 515 2538 egesto
526 2469 659 2535 sanguine
668 2467 763 2531 fletus,

43 2532 95 2591 ln
104 2539 220 2593 viridem
231 2541 300 2590 verti
312 2544 464 2604 coeperunt
474 2539 598 2590 membra
608 2535 729 2588 celerem
736 2552 749 2600 3,

44 2600 101 2658 Et
108 2608 191 2660 modo
197 2644 206 2672 ,
217 2609 263 2676 qui
274 2609 354 2659 nivea
364 2606 521 2673 pendebant
530 2605 623 2657 fronte
634 2605 736 2672 capilli,
798 2636 804 2645 -

52 2670 189 2731 laoniae
199 2679 337 2730 caesaries
347 2676 581 2742 fieri:·sumteque
591 2675 684 2740 rigere

55 2738 210 2799 Sidereum
220 2745 320 2814 gracili
328 2748 456 2812 spectare
467 2744 609 2796 cacumine
619 2742 738 2794 eoelum.
837 2738 885 2793 140

56 2808 216 2882 Ingemuit,
226 2816 371 2882 tristisque
381 2813 470 2875 Deus,
481 2812 625 2880 Lugebere
636 2811 735 2878 nubis„
816 2840 819 2848 ·

63 2875 241 2953 lugebisque
251 2884 337 2945 alios,
348 2883 493 2950 aderisque
503 2878 787 2949 delentibus‚inquit.

34 3011 37 3014 ,
103 2952 275 3025 l'aleuemue
285 2957 361 3007 retes
371 2956 544 3011 attraxeratr
559 2955 652 3028 inque
660 2950 795 3008 terarum
